@BOOK{Smith:2012qr,
   title = {Chemistry},
   publisher = {Publisher},
   author = {Smith, J.~M. and Jones, A.~B.},
   year = {2012},
   edition = {7th},
}

%% Stuff for the production/spectroscopy section

@article{GellMann:1964nj,
      author         = "Gell-Mann, Murray",
      title          = "{A Schematic Model of Baryons and Mesons}",
      journal        = "Phys. Lett.",
      volume         = "8",
      year           = "1964",
      pages          = "214-215",
      doi            = "10.1016/S0031-9163(64)92001-3",
      SLACcitation   = "%%CITATION = PHLTA,8,214;%%"
}

@article{Aaij:2015tga,
      author         = "Aaij, Roel and others",
      title          = "{Observation of $\jpsi \proton$ Resonances Consistent with
                        Pentaquark States in $\Lb \to \jpsi \Km \proton$ Decays}",
      collaboration  = "LHCb",
      journal        = "Phys. Rev. Lett.",
      volume         = "115",
      year           = "2015",
      pages          = "072001",
      doi            = "10.1103/PhysRevLett.115.072001",
      eprint         = "1507.03414",
      archivePrefix  = "arXiv",
      primaryClass   = "hep-ex",
      reportNumber   = "CERN-PH-EP-2015-153, LHCB-PAPER-2015-029",
      SLACcitation   = "%%CITATION = ARXIV:1507.03414;%%"
}

@article{bib:hfag,
      author         = "Amhis, Y. and others",
      title          = "{Averages of $b$-hadron, $c$-hadron, and $\tau$-lepton
                        properties as of summer 2014}",
      collaboration  = "Heavy Flavor Averaging Group (HFAG)",
      year           = "2014",
      eprint         = "1412.7515",
      archivePrefix  = "arXiv",
      primaryClass   = "hep-ex",
      reportNumber   = "FERMILAB-PUB-15-004-PPD",
      note           = "and online update at \url{http://www.slac.stanford.edu/xorg/hfag}",
      SLACcitation   = "%%CITATION = ARXIV:1412.7515;%%",
}

@article{Aaij:2015oid,
      author         = "Aaij, Roel and others",
      title          = "{Angular analysis of the $B^{0} \to K^{*0} \mu^{+}
                        \mu^{-}$ decay using 3 fb$^{-1}$ of integrated
                        luminosity}",
      collaboration  = "LHCb",
      journal        = "JHEP",
      volume         = "02",
      year           = "2016",
      pages          = "104",
      doi            = "10.1007/JHEP02(2016)104",
      eprint         = "1512.04442",
      archivePrefix  = "arXiv",
      primaryClass   = "hep-ex",
      reportNumber   = "CERN-PH-EP-2015-314, LHCB-PAPER-2015-051",
      SLACcitation   = "%%CITATION = ARXIV:1512.04442;%%"
}

%%% contains utf-8, see: https://inspirehep.net/info/faq/general#utf8
%%% add \usepackage[utf8]{inputenc} to your latex preamble

@article{Descotes-Genon:2014uoa,
      author         = "Descotes-Genon, Sébastien and Hofer, Lars and Matias,
                        Joaquim and Virto, Javier",
      title          = "{On the impact of power corrections in the prediction of
                        $B \to K^*\mu^+\mu^-$ observables}",
      journal        = "JHEP",
      volume         = "12",
      year           = "2014",
      pages          = "125",
      doi            = "10.1007/JHEP12(2014)125",
      eprint         = "1407.8526",
      archivePrefix  = "arXiv",
      primaryClass   = "hep-ph",
      reportNumber   = "LPT-ORSAY-14-63, UAB-FT-757, QFET-2014-13,
                        SI-HEP-2014-19",
      SLACcitation   = "%%CITATION = ARXIV:1407.8526;%%"
}

@article{Aaij:2016ymb,
      author         = "Aaij, Roel and others",
      title          = "{Evidence for exotic hadron contributions to $\Lambda_b^0
                        \to J/\psi p \pi^-$ decays}",
      collaboration  = "LHCb",
      year           = "2016",
      eprint         = "1606.06999",
      archivePrefix  = "arXiv",
      primaryClass   = "hep-ex",
      reportNumber   = "LHCB-PAPER-2016-015, CERN-EP-2016-151",
      SLACcitation   = "%%CITATION = ARXIV:1606.06999;%%"
}

@article{Aaij:2016jnn,
      author         = "Aaij, Roel and others",
      title          = "{Measurement of the properties of the $\Xi_b^{*0}$
                        baryon}",
      collaboration  = "LHCb",
      journal        = "JHEP",
      volume         = "05",
      year           = "2016",
      pages          = "161",
      doi            = "10.1007/JHEP05(2016)161",
      eprint         = "1604.03896",
      archivePrefix  = "arXiv",
      primaryClass   = "hep-ex",
      reportNumber   = "LHCB-PAPER-2016-010, CERN-EP-2016-082",
      SLACcitation   = "%%CITATION = ARXIV:1604.03896;%%"
}

@article{Aaij:2014yka,
      author         = "Aaij, Roel and others",
      title          = "{Observation of two new $\Xi_b^-$ baryon resonances}",
      collaboration  = "LHCb",
      journal        = "Phys. Rev. Lett.",
      volume         = "114",
      year           = "2015",
      pages          = "062004",
      doi            = "10.1103/PhysRevLett.114.062004",
      eprint         = "1411.4849",
      archivePrefix  = "arXiv",
      primaryClass   = "hep-ex",
      reportNumber   = "CERN-PH-EP-2014-279, LHCB-PAPER-2014-061",
      SLACcitation   = "%%CITATION = ARXIV:1411.4849;%%"
}

@article{Aaij:2014jqa,
      author         = "Aaij, Roel and others",
      title          = "{Observation of the resonant character of the $Z(4430)^-$
                        state}",
      collaboration  = "LHCb",
      journal        = "Phys. Rev. Lett.",
      volume         = "112",
      year           = "2014",
      number         = "22",
      pages          = "222002",
      doi            = "10.1103/PhysRevLett.112.222002",
      eprint         = "1404.1903",
      archivePrefix  = "arXiv",
      primaryClass   = "hep-ex",
      reportNumber   = "LHCB-PAPER-2014-014, CERN-PH-EP-2014-061",
      SLACcitation   = "%%CITATION = ARXIV:1404.1903;%%"
}

@article{Aaij:2015rla,
      author         = "Aaij, Roel and others",
      title          = "{Measurement of forward $J/\psi$ production
                        cross-sections in $pp$ collisions at $\sqrt{s}=13$ TeV}",
      collaboration  = "LHCb",
      journal        = "JHEP",
      volume         = "10",
      year           = "2015",
      pages          = "172",
      doi            = "10.1007/JHEP10(2015)172",
      eprint         = "1509.00771",
      archivePrefix  = "arXiv",
      primaryClass   = "hep-ex",
      reportNumber   = "LHCB-PAPER-2015-037, CERN-PH-EP-2015-222",
      SLACcitation   = "%%CITATION = ARXIV:1509.00771;%%"
}


%%% contains utf-8, see: https://inspirehep.net/info/faq/general#utf8
%%% add \usepackage[utf8]{inputenc} to your latex preamble

@article{Andronic:2015wma,
      author         = "Andronic, A. and others",
      title          = "{Heavy-flavour and quarkonium production in the LHC era:
                        from proton–proton to heavy-ion collisions}",
      journal        = "Eur. Phys. J.",
      volume         = "C76",
      year           = "2016",
      number         = "3",
      pages          = "107",
      doi            = "10.1140/epjc/s10052-015-3819-5",
      eprint         = "1506.03981",
      archivePrefix  = "arXiv",
      primaryClass   = "nucl-ex",
      SLACcitation   = "%%CITATION = ARXIV:1506.03981;%%"
}

%%% Charmless decays section

@article{Cabibbo:1963yz,
      author         = "Cabibbo, Nicola",
      title          = "{Unitary Symmetry and Leptonic Decays}",
      booktitle      = "{Meeting of the Italian School of Physics and Weak
                        Interactions Bologna, Italy, April 26-28, 1984}",
      journal        = "Phys. Rev. Lett.",
      volume         = "10",
      year           = "1963",
      pages          = "531-533",
      doi            = "10.1103/PhysRevLett.10.531",
      note           = "[,648(1963)]",
      SLACcitation   = "%%CITATION = PRLTA,10,531;%%"
}

@article{Kobayashi:1973fv,
      author         = "Kobayashi, Makoto and Maskawa, Toshihide",
      title          = "{CP Violation in the Renormalizable Theory of Weak
                        Interaction}",
      journal        = "Prog. Theor. Phys.",
      volume         = "49",
      year           = "1973",
      pages          = "652-657",
      doi            = "10.1143/PTP.49.652",
      reportNumber   = "KUNS-242",
      SLACcitation   = "%%CITATION = PTPKA,49,652;%%"
}

@article{Buchalla:2005us,
      author         = "Buchalla, Gerhard and Hiller, Gudrun and Nir, Yosef and
                        Raz, Guy",
      title          = "{The Pattern of CP asymmetries in B ---> s transitions}",
      journal        = "JHEP",
      volume         = "09",
      year           = "2005",
      pages          = "074",
      doi            = "10.1088/1126-6708/2005/09/074",
      eprint         = "hep-ph/0503151",
      archivePrefix  = "arXiv",
      primaryClass   = "hep-ph",
      reportNumber   = "CERN-PH-TH-2005-023, LMU-ASC-22-05, WIS-04-05-DPP",
      SLACcitation   = "%%CITATION = HEP-PH/0503151;%%"
}

@article{Grossman:1996ke,
      author         = "Grossman, Yuval and Worah, Mihir P.",
      title          = "{CP asymmetries in B decays with new physics in decay
                        amplitudes}",
      journal        = "Phys. Lett.",
      volume         = "B395",
      year           = "1997",
      pages          = "241-249",
      doi            = "10.1016/S0370-2693(97)00068-3",
      eprint         = "hep-ph/9612269",
      archivePrefix  = "arXiv",
      primaryClass   = "hep-ph",
      reportNumber   = "SLAC-PUB-7351",
      SLACcitation   = "%%CITATION = HEP-PH/9612269;%%"
}

@article{London:1997zk,
      author         = "London, David and Soni, Amarjit",
      title          = "{Measuring the CP angle Beta in hadronic b ---> s penguin
                        decays}",
      journal        = "Phys. Lett.",
      volume         = "B407",
      year           = "1997",
      pages          = "61-65",
      doi            = "10.1016/S0370-2693(97)00695-3",
      eprint         = "hep-ph/9704277",
      archivePrefix  = "arXiv",
      primaryClass   = "hep-ph",
      reportNumber   = "UDEM-GPP-TH-97-40",
      SLACcitation   = "%%CITATION = HEP-PH/9704277;%%"
}

@article{Ciuchini:1997zp,
      author         = "Ciuchini, Marco and Franco, E. and Martinelli, G. and
                        Masiero, A. and Silvestrini, L.",
      title          = "{CP violating B decays in the standard model and
                        supersymmetry}",
      journal        = "Phys. Rev. Lett.",
      volume         = "79",
      year           = "1997",
      pages          = "978-981",
      doi            = "10.1103/PhysRevLett.79.978",
      eprint         = "hep-ph/9704274",
      archivePrefix  = "arXiv",
      primaryClass   = "hep-ph",
      reportNumber   = "CERN-TH-97-047, CERN-TH-97-47, ROM2F-97-10",
      SLACcitation   = "%%CITATION = HEP-PH/9704274;%%"
}

@article{Dalseno:2008wwa,
      author         = "Dalseno, J. and others",
      title          = "{Time-dependent Dalitz Plot Measurement of CP Parameters
                        in B0 ---> K0(s) pi+ pi- Decays}",
      booktitle      = "{Proceedings, 34th International Conference on High
                        Energy Physics (ICHEP 2008)}",
      collaboration  = "Belle",
      journal        = "Phys. Rev.",
      volume         = "D79",
      year           = "2009",
      pages          = "072004",
      doi            = "10.1103/PhysRevD.79.072004",
      eprint         = "0811.3665",
      archivePrefix  = "arXiv",
      primaryClass   = "hep-ex",
      reportNumber   = "BELLE-PREPRINT-2008-29, KEK-PREPRINT-2008-39",
      SLACcitation   = "%%CITATION = ARXIV:0811.3665;%%"
}

@article{Aubert:2009me,
      author         = "Aubert, Bernard and others",
      title          = "{Time-dependent amplitude analysis of B0 ---> K0(S) pi+
                        pi-}",
      collaboration  = "BaBar",
      journal        = "Phys. Rev.",
      volume         = "D80",
      year           = "2009",
      pages          = "112001",
      doi            = "10.1103/PhysRevD.80.112001",
      eprint         = "0905.3615",
      archivePrefix  = "arXiv",
      primaryClass   = "hep-ex",
      reportNumber   = "SLAC-PUB-13640, BABAR-PUB-09-001",
      SLACcitation   = "%%CITATION = ARXIV:0905.3615;%%"
}

@article{Nakahama:2010nj,
      author         = "Nakahama, Y. and others",
      title          = "{Measurement of CP violating asymmetries in $B^0 ->
                        K^+K^- K^0_S$ decays with a time-dependent Dalitz
                        approach}",
      collaboration  = "Belle",
      journal        = "Phys. Rev.",
      volume         = "D82",
      year           = "2010",
      pages          = "073011",
      doi            = "10.1103/PhysRevD.82.073011",
      eprint         = "1007.3848",
      archivePrefix  = "arXiv",
      primaryClass   = "hep-ex",
      SLACcitation   = "%%CITATION = ARXIV:1007.3848;%%"
}

@article{Lees:2012kxa,
      author         = "Lees, J. P. and others",
      title          = "{Study of CP violation in Dalitz-plot analyses of B0 --->
                        K+K-K0(S), B+ ---> K+K-K+, and B+ ---> K0(S)K0(S)K+}",
      collaboration  = "BaBar",
      journal        = "Phys. Rev.",
      volume         = "D85",
      year           = "2012",
      pages          = "112010",
      doi            = "10.1103/PhysRevD.85.112010",
      eprint         = "1201.5897",
      archivePrefix  = "arXiv",
      primaryClass   = "hep-ex",
      reportNumber   = "BABAR-PUB-11-024, SLAC-PUB-14858",
      SLACcitation   = "%%CITATION = ARXIV:1201.5897;%%"
}

@article{HFAG,
      author         = "Amhis, Y. and others",
      title          = "{Averages of $b$-hadron, $c$-hadron, and $\tau$-lepton
                        properties as of summer 2014}",
      collaboration  = "Heavy Flavor Averaging Group (HFAG)",
      year           = "2014",
      eprint         = "1412.7515",
      archivePrefix  = "arXiv",
      primaryClass   = "hep-ex",
      reportNumber   = "FERMILAB-PUB-15-004-PPD",
      SLACcitation   = "%%CITATION = ARXIV:1412.7515;%%"
}

@article{Silvestrini:2007yf,
      author         = "Silvestrini, Luca",
      title          = "{Searching for new physics in $b \to s$ hadronic penguin
                        decays}",
      journal        = "Ann. Rev. Nucl. Part. Sci.",
      volume         = "57",
      year           = "2007",
      pages          = "405-440",
      doi            = "10.1146/annurev.nucl.57.090506.123007",
      eprint         = "0705.1624",
      archivePrefix  = "arXiv",
      primaryClass   = "hep-ph",
      SLACcitation   = "%%CITATION = ARXIV:0705.1624;%%"
}

@article{Ciuchini:2006kv,
      author         = "Ciuchini, M. and Pierini, M. and Silvestrini, L.",
      title          = "{New bounds on the CKM matrix from B ---> K pi pi Dalitz
                        plot analyses}",
      journal        = "Phys. Rev.",
      volume         = "D74",
      year           = "2006",
      pages          = "051301",
      doi            = "10.1103/PhysRevD.74.051301",
      eprint         = "hep-ph/0601233",
      archivePrefix  = "arXiv",
      primaryClass   = "hep-ph",
      SLACcitation   = "%%CITATION = HEP-PH/0601233;%%"
}

@article{Gronau:2006qn,
      author         = "Gronau, Michael and Pirjol, Dan and Soni, Amarjit and
                        Zupan, Jure",
      title          = "{Improved method for CKM constraints in charmless
                        three-body B and B(s) decays}",
      journal        = "Phys. Rev.",
      volume         = "D75",
      year           = "2007",
      pages          = "014002",
      doi            = "10.1103/PhysRevD.75.014002",
      eprint         = "hep-ph/0608243",
      archivePrefix  = "arXiv",
      primaryClass   = "hep-ph",
      reportNumber   = "SLAC-PUB-12063, BNL-HET-06-8",
      SLACcitation   = "%%CITATION = HEP-PH/0608243;%%"
}

@article{Bhattacharya:2013cla,
      author         = "Bhattacharya, Bhubanjyoti and Imbeault, Maxime and
                        London, David",
      title          = "{Extraction of the CP-violating phase $\gamma$ using $B
                        \to K \pi \pi$ and $B \to K K {\bar K}$ decays}",
      journal        = "Phys. Lett.",
      volume         = "B728",
      year           = "2014",
      pages          = "206-209",
      doi            = "10.1016/j.physletb.2013.11.038",
      eprint         = "1303.0846",
      archivePrefix  = "arXiv",
      primaryClass   = "hep-ph",
      reportNumber   = "UDEM-GPP-TH-13-220",
      SLACcitation   = "%%CITATION = ARXIV:1303.0846;%%"
}


