
@BOOK{Smith:2012qr,
   title = {Chemistry},
   publisher = {Publisher},
   author = {Smith, J.~M. and Jones, A.~B.},
   year = {2012},
   edition = {7th},
}

%% Stuff for the production/spectroscopy section

@article{GellMann:1964nj,
      author         = "Gell-Mann, Murray",
      title          = "{A Schematic Model of Baryons and Mesons}",
      journal        = "Phys. Lett.",
      volume         = "8",
      year           = "1964",
      pages          = "214-215",
      doi            = "10.1016/S0031-9163(64)92001-3",
      SLACcitation   = "%%CITATION = PHLTA,8,214;%%"
}

@article{Aaij:2015tga,
      author         = "Aaij, Roel and others",
      title          = "{Observation of $\jpsi \proton$ Resonances Consistent with
                        Pentaquark States in $\Lb \to \jpsi \Km \proton$ Decays}",
      collaboration  = "LHCb",
      journal        = "Phys. Rev. Lett.",
      volume         = "115",
      year           = "2015",
      pages          = "072001",
      doi            = "10.1103/PhysRevLett.115.072001",
      eprint         = "1507.03414",
      archivePrefix  = "arXiv",
      primaryClass   = "hep-ex",
      reportNumber   = "CERN-PH-EP-2015-153, LHCB-PAPER-2015-029",
      SLACcitation   = "%%CITATION = ARXIV:1507.03414;%%"
}

@article{bib:hfag,
      author         = "Amhis, Y. and others",
      title          = "{Averages of $b$-hadron, $c$-hadron, and $\tau$-lepton
                        properties as of summer 2014}",
      collaboration  = "Heavy Flavor Averaging Group (HFAG)",
      year           = "2014",
      eprint         = "1412.7515",
      archivePrefix  = "arXiv",
      primaryClass   = "hep-ex",
      reportNumber   = "FERMILAB-PUB-15-004-PPD",
      note           = "and online update at \url{http://www.slac.stanford.edu/xorg/hfag}",
      SLACcitation   = "%%CITATION = ARXIV:1412.7515;%%",
}

@article{Aaij:2015oid,
      author         = "Aaij, Roel and others",
      title          = "{Angular analysis of the $B^{0} \to K^{*0} \mu^{+}
                        \mu^{-}$ decay using 3 fb$^{-1}$ of integrated
                        luminosity}",
      collaboration  = "LHCb",
      journal        = "JHEP",
      volume         = "02",
      year           = "2016",
      pages          = "104",
      doi            = "10.1007/JHEP02(2016)104",
      eprint         = "1512.04442",
      archivePrefix  = "arXiv",
      primaryClass   = "hep-ex",
      reportNumber   = "CERN-PH-EP-2015-314, LHCB-PAPER-2015-051",
      SLACcitation   = "%%CITATION = ARXIV:1512.04442;%%"
}

%%% contains utf-8, see: https://inspirehep.net/info/faq/general#utf8
%%% add \usepackage[utf8]{inputenc} to your latex preamble

@article{Descotes-Genon:2014uoa,
      author         = "Descotes-Genon, Sébastien and Hofer, Lars and Matias,
                        Joaquim and Virto, Javier",
      title          = "{On the impact of power corrections in the prediction of
                        $B \to K^*\mu^+\mu^-$ observables}",
      journal        = "JHEP",
      volume         = "12",
      year           = "2014",
      pages          = "125",
      doi            = "10.1007/JHEP12(2014)125",
      eprint         = "1407.8526",
      archivePrefix  = "arXiv",
      primaryClass   = "hep-ph",
      reportNumber   = "LPT-ORSAY-14-63, UAB-FT-757, QFET-2014-13,
                        SI-HEP-2014-19",
      SLACcitation   = "%%CITATION = ARXIV:1407.8526;%%"
}

@article{Aaij:2016ymb,
      author         = "Aaij, Roel and others",
      title          = "{Evidence for exotic hadron contributions to $\Lambda_b^0
                        \to J/\psi p \pi^-$ decays}",
      collaboration  = "LHCb",
      year           = "2016",
      eprint         = "1606.06999",
      archivePrefix  = "arXiv",
      primaryClass   = "hep-ex",
      reportNumber   = "LHCB-PAPER-2016-015, CERN-EP-2016-151",
      SLACcitation   = "%%CITATION = ARXIV:1606.06999;%%"
}

@article{Aaij:2016jnn,
      author         = "Aaij, Roel and others",
      title          = "{Measurement of the properties of the $\Xi_b^{*0}$
                        baryon}",
      collaboration  = "LHCb",
      journal        = "JHEP",
      volume         = "05",
      year           = "2016",
      pages          = "161",
      doi            = "10.1007/JHEP05(2016)161",
      eprint         = "1604.03896",
      archivePrefix  = "arXiv",
      primaryClass   = "hep-ex",
      reportNumber   = "LHCB-PAPER-2016-010, CERN-EP-2016-082",
      SLACcitation   = "%%CITATION = ARXIV:1604.03896;%%"
}

@article{Aaij:2014yka,
      author         = "Aaij, Roel and others",
      title          = "{Observation of two new $\Xi_b^-$ baryon resonances}",
      collaboration  = "LHCb",
      journal        = "Phys. Rev. Lett.",
      volume         = "114",
      year           = "2015",
      pages          = "062004",
      doi            = "10.1103/PhysRevLett.114.062004",
      eprint         = "1411.4849",
      archivePrefix  = "arXiv",
      primaryClass   = "hep-ex",
      reportNumber   = "CERN-PH-EP-2014-279, LHCB-PAPER-2014-061",
      SLACcitation   = "%%CITATION = ARXIV:1411.4849;%%"
}

@article{Aaij:2014jqa,
      author         = "Aaij, Roel and others",
      title          = "{Observation of the resonant character of the $Z(4430)^-$
                        state}",
      collaboration  = "LHCb",
      journal        = "Phys. Rev. Lett.",
      volume         = "112",
      year           = "2014",
      number         = "22",
      pages          = "222002",
      doi            = "10.1103/PhysRevLett.112.222002",
      eprint         = "1404.1903",
      archivePrefix  = "arXiv",
      primaryClass   = "hep-ex",
      reportNumber   = "LHCB-PAPER-2014-014, CERN-PH-EP-2014-061",
      SLACcitation   = "%%CITATION = ARXIV:1404.1903;%%"
}

@article{Aaij:2015rla,
      author         = "Aaij, Roel and others",
      title          = "{Measurement of forward $J/\psi$ production
                        cross-sections in $pp$ collisions at $\sqrt{s}=13$ TeV}",
      collaboration  = "LHCb",
      journal        = "JHEP",
      volume         = "10",
      year           = "2015",
      pages          = "172",
      doi            = "10.1007/JHEP10(2015)172",
      eprint         = "1509.00771",
      archivePrefix  = "arXiv",
      primaryClass   = "hep-ex",
      reportNumber   = "LHCB-PAPER-2015-037, CERN-PH-EP-2015-222",
      SLACcitation   = "%%CITATION = ARXIV:1509.00771;%%"
}


%%% contains utf-8, see: https://inspirehep.net/info/faq/general#utf8
%%% add \usepackage[utf8]{inputenc} to your latex preamble

@article{Andronic:2015wma,
      author         = "Andronic, A. and others",
      title          = "{Heavy-flavour and quarkonium production in the LHC era:
                        from proton–proton to heavy-ion collisions}",
      journal        = "Eur. Phys. J.",
      volume         = "C76",
      year           = "2016",
      number         = "3",
      pages          = "107",
      doi            = "10.1140/epjc/s10052-015-3819-5",
      eprint         = "1506.03981",
      archivePrefix  = "arXiv",
      primaryClass   = "nucl-ex",
      SLACcitation   = "%%CITATION = ARXIV:1506.03981;%%"
}






%%% Charmless decays section

@article{Cabibbo:1963yz,
      author         = "Cabibbo, Nicola",
      title          = "{Unitary Symmetry and Leptonic Decays}",
      booktitle      = "{Meeting of the Italian School of Physics and Weak
                        Interactions Bologna, Italy, April 26-28, 1984}",
      journal        = "Phys. Rev. Lett.",
      volume         = "10",
      year           = "1963",
      pages          = "531-533",
      doi            = "10.1103/PhysRevLett.10.531",
      note           = "[,648(1963)]",
      SLACcitation   = "%%CITATION = PRLTA,10,531;%%"
}

@article{Kobayashi:1973fv,
      author         = "Kobayashi, Makoto and Maskawa, Toshihide",
      title          = "{CP Violation in the Renormalizable Theory of Weak
                        Interaction}",
      journal        = "Prog. Theor. Phys.",
      volume         = "49",
      year           = "1973",
      pages          = "652-657",
      doi            = "10.1143/PTP.49.652",
      reportNumber   = "KUNS-242",
      SLACcitation   = "%%CITATION = PTPKA,49,652;%%"
}

@article{Buchalla:2005us,
      author         = "Buchalla, Gerhard and Hiller, Gudrun and Nir, Yosef and
                        Raz, Guy",
      title          = "{The Pattern of CP asymmetries in B ---> s transitions}",
      journal        = "JHEP",
      volume         = "09",
      year           = "2005",
      pages          = "074",
      doi            = "10.1088/1126-6708/2005/09/074",
      eprint         = "hep-ph/0503151",
      archivePrefix  = "arXiv",
      primaryClass   = "hep-ph",
      reportNumber   = "CERN-PH-TH-2005-023, LMU-ASC-22-05, WIS-04-05-DPP",
      SLACcitation   = "%%CITATION = HEP-PH/0503151;%%"
}

@article{Grossman:1996ke,
      author         = "Grossman, Yuval and Worah, Mihir P.",
      title          = "{CP asymmetries in B decays with new physics in decay
                        amplitudes}",
      journal        = "Phys. Lett.",
      volume         = "B395",
      year           = "1997",
      pages          = "241-249",
      doi            = "10.1016/S0370-2693(97)00068-3",
      eprint         = "hep-ph/9612269",
      archivePrefix  = "arXiv",
      primaryClass   = "hep-ph",
      reportNumber   = "SLAC-PUB-7351",
      SLACcitation   = "%%CITATION = HEP-PH/9612269;%%"
}

@article{London:1997zk,
      author         = "London, David and Soni, Amarjit",
      title          = "{Measuring the CP angle Beta in hadronic b ---> s penguin
                        decays}",
      journal        = "Phys. Lett.",
      volume         = "B407",
      year           = "1997",
      pages          = "61-65",
      doi            = "10.1016/S0370-2693(97)00695-3",
      eprint         = "hep-ph/9704277",
      archivePrefix  = "arXiv",
      primaryClass   = "hep-ph",
      reportNumber   = "UDEM-GPP-TH-97-40",
      SLACcitation   = "%%CITATION = HEP-PH/9704277;%%"
}

@article{Ciuchini:1997zp,
      author         = "Ciuchini, Marco and Franco, E. and Martinelli, G. and
                        Masiero, A. and Silvestrini, L.",
      title          = "{CP violating B decays in the standard model and
                        supersymmetry}",
      journal        = "Phys. Rev. Lett.",
      volume         = "79",
      year           = "1997",
      pages          = "978-981",
      doi            = "10.1103/PhysRevLett.79.978",
      eprint         = "hep-ph/9704274",
      archivePrefix  = "arXiv",
      primaryClass   = "hep-ph",
      reportNumber   = "CERN-TH-97-047, CERN-TH-97-47, ROM2F-97-10",
      SLACcitation   = "%%CITATION = HEP-PH/9704274;%%"
}

@article{Dalseno:2008wwa,
      author         = "Dalseno, J. and others",
      title          = "{Time-dependent Dalitz Plot Measurement of CP Parameters
                        in B0 ---> K0(s) pi+ pi- Decays}",
      booktitle      = "{Proceedings, 34th International Conference on High
                        Energy Physics (ICHEP 2008)}",
      collaboration  = "Belle",
      journal        = "Phys. Rev.",
      volume         = "D79",
      year           = "2009",
      pages          = "072004",
      doi            = "10.1103/PhysRevD.79.072004",
      eprint         = "0811.3665",
      archivePrefix  = "arXiv",
      primaryClass   = "hep-ex",
      reportNumber   = "BELLE-PREPRINT-2008-29, KEK-PREPRINT-2008-39",
      SLACcitation   = "%%CITATION = ARXIV:0811.3665;%%"
}

@article{Aubert:2009me,
      author         = "Aubert, Bernard and others",
      title          = "{Time-dependent amplitude analysis of $B^0 \to  K^0_S \pi^+
                        \pi^-$}",
      collaboration  = "BaBar",
      journal        = "Phys. Rev.",
      volume         = "D80",
      year           = "2009",
      pages          = "112001",
      doi            = "10.1103/PhysRevD.80.112001",
      eprint         = "0905.3615",
      archivePrefix  = "arXiv",
      primaryClass   = "hep-ex",
      reportNumber   = "SLAC-PUB-13640, BABAR-PUB-09-001",
      SLACcitation   = "%%CITATION = ARXIV:0905.3615;%%"
}

@article{Nakahama:2010nj,
      author         = "Nakahama, Y. and others",
      title          = "{Measurement of CP violating asymmetries in $B^0 ->
                        K^+K^- K^0_S$ decays with a time-dependent Dalitz
                        approach}",
      collaboration  = "Belle",
      journal        = "Phys. Rev.",
      volume         = "D82",
      year           = "2010",
      pages          = "073011",
      doi            = "10.1103/PhysRevD.82.073011",
      eprint         = "1007.3848",
      archivePrefix  = "arXiv",
      primaryClass   = "hep-ex",
      SLACcitation   = "%%CITATION = ARXIV:1007.3848;%%"
}

@article{Lees:2012kxa,
      author         = "Lees, J. P. and others",
      title          = "{Study of CP violation in Dalitz-plot analyses of $B^0 \to 
                        K^+K^-K^0_S$, $B^+ \to  K^+K^-K^+$, and $B^+ \to K^0_S K^0_S K^+$}",
      collaboration  = "BaBar",
      journal        = "Phys. Rev.",
      volume         = "D85",
      year           = "2012",
      pages          = "112010",
      doi            = "10.1103/PhysRevD.85.112010",
      eprint         = "1201.5897",
      archivePrefix  = "arXiv",
      primaryClass   = "hep-ex",
      reportNumber   = "BABAR-PUB-11-024, SLAC-PUB-14858",
      SLACcitation   = "%%CITATION = ARXIV:1201.5897;%%"
}

@article{HFAG,
      author         = "Amhis, Y. and others",
      title          = "{Averages of $b$-hadron, $c$-hadron, and $\tau$-lepton
                        properties as of summer 2014}",
      collaboration  = "Heavy Flavor Averaging Group (HFAG)",
      year           = "2014",
      eprint         = "1412.7515",
      archivePrefix  = "arXiv",
      primaryClass   = "hep-ex",
      reportNumber   = "FERMILAB-PUB-15-004-PPD",
      SLACcitation   = "%%CITATION = ARXIV:1412.7515;%%"
}

@article{Silvestrini:2007yf,
      author         = "Silvestrini, Luca",
      title          = "{Searching for new physics in $b \to s$ hadronic penguin
                        decays}",
      journal        = "Ann. Rev. Nucl. Part. Sci.",
      volume         = "57",
      year           = "2007",
      pages          = "405-440",
      doi            = "10.1146/annurev.nucl.57.090506.123007",
      eprint         = "0705.1624",
      archivePrefix  = "arXiv",
      primaryClass   = "hep-ph",
      SLACcitation   = "%%CITATION = ARXIV:0705.1624;%%"
}

@article{Ciuchini:2006kv,
      author         = "Ciuchini, M. and Pierini, M. and Silvestrini, L.",
      title          = "{New bounds on the CKM matrix from $B \to K \pi \pi$ Dalitz
                        plot analyses}",
      journal        = "Phys. Rev.",
      volume         = "D74",
      year           = "2006",
      pages          = "051301",
      doi            = "10.1103/PhysRevD.74.051301",
      eprint         = "hep-ph/0601233",
      archivePrefix  = "arXiv",
      primaryClass   = "hep-ph",
      SLACcitation   = "%%CITATION = HEP-PH/0601233;%%"
}

@article{Gronau:2006qn,
      author         = "Gronau, Michael and Pirjol, Dan and Soni, Amarjit and
                        Zupan, Jure",
      title          = "{Improved method for CKM constraints in charmless
                        three-body B and B(s) decays}",
      journal        = "Phys. Rev.",
      volume         = "D75",
      year           = "2007",
      pages          = "014002",
      doi            = "10.1103/PhysRevD.75.014002",
      eprint         = "hep-ph/0608243",
      archivePrefix  = "arXiv",
      primaryClass   = "hep-ph",
      reportNumber   = "SLAC-PUB-12063, BNL-HET-06-8",
      SLACcitation   = "%%CITATION = HEP-PH/0608243;%%"
}

@article{Bhattacharya:2013cla,
      author         = "Bhattacharya, Bhubanjyoti and Imbeault, Maxime and
                        London, David",
      title          = "{Extraction of the CP-violating phase $\gamma$ using $B
                        \to K \pi \pi$ and $B \to K K {\bar K}$ decays}",
      journal        = "Phys. Lett.",
      volume         = "B728",
      year           = "2014",
      pages          = "206-209",
      doi            = "10.1016/j.physletb.2013.11.038",
      eprint         = "1303.0846",
      archivePrefix  = "arXiv",
      primaryClass   = "hep-ph",
      reportNumber   = "UDEM-GPP-TH-13-220",
      SLACcitation   = "%%CITATION = ARXIV:1303.0846;%%"
}





%%%%%%%%%%%%%
%CHARM AND KAON
%%%%%%%%%%%%%


@article{Aaij:2013cby,
      author         = "Aaij, R. and others",
      title          = "{Search for the lepton-flavor violating decays $B^0_s
                        \to e^{\pm}\mu^{\mp}$ and $B^0 \to e^{\pm}
                        \mu^{\mp}$}",
      collaboration  = "LHCb",
      journal        = "Phys. Rev. Lett.",
      volume         = "111",
      year           = "2013",
      pages          = "141801",
      doi            = "10.1103/PhysRevLett.111.141801",
      eprint         = "1307.4889",
      archivePrefix  = "arXiv",
      primaryClass   = "hep-ex",
      reportNumber   = "CERN-PH-EP-2013-123, LHCB-PAPER-2013-030",
      SLACcitation   = "%%CITATION = ARXIV:1307.4889;%%"
}
@article{Aaij:2014ora,
      author         = "Aaij, Roel and others",
      title          = "{Test of lepton universality using $B^{+}\to
                        K^{+}\ell^{+}\ell^{-}$ decays}",
      collaboration  = "LHCb",
      journal        = "Phys. Rev. Lett.",
      volume         = "113",
      year           = "2014",
      pages          = "151601",
      doi            = "10.1103/PhysRevLett.113.151601",
      eprint         = "1406.6482",
      archivePrefix  = "arXiv",
      primaryClass   = "hep-ex",
      reportNumber   = "CERN-PH-EP-2014-140, LHCB-PAPER-2014-024",
      SLACcitation   = "%%CITATION = ARXIV:1406.6482;%%"
}
@article{Bobeth:2007dw,
      author         = "Bobeth, Christoph and Hiller, Gudrun and Piranishvili,
                        Giorgi",
      title          = "{Angular distributions of $\bar{B} \to \bar{K}
                        \ell^+\ell^-$ decays}",
      journal        = "JHEP",
      volume         = "12",
      year           = "2007",
      pages          = "040",
      doi            = "10.1088/1126-6708/2007/12/040",
      eprint         = "0709.4174",
      archivePrefix  = "arXiv",
      primaryClass   = "hep-ph",
      reportNumber   = "DO-TH-07-07",
      SLACcitation   = "%%CITATION = ARXIV:0709.4174;%%"
}
@article{Bouchard:2013mia,
      author         = "Bouchard, Chris and Lepage, G. Peter and Monahan,
                        Christopher and Na, Heechang and Shigemitsu, Junko",
      title          = "{Standard Model Predictions for $B \to K \ell^+ \ell^-$
                        with Form Factors from Lattice QCD}",
      collaboration  = "HPQCD",
      journal        = "Phys. Rev. Lett.",
      volume         = "111",
      year           = "2013",
      number         = "16",
      pages          = "162002",
      doi            = "10.1103/PhysRevLett.112.149902,
                        10.1103/PhysRevLett.111.162002",
      note           = "[Erratum: Phys. Rev. Lett.112,no.14,149902(2014)]",
      eprint         = "1306.0434",
      archivePrefix  = "arXiv",
      primaryClass   = "hep-ph",
      SLACcitation   = "%%CITATION = ARXIV:1306.0434;%%"
}
@article{Hiller:2003js,
      author         = "Hiller, Gudrun and Kr{\"u}ger, Frank",
      title          = "{More model independent analysis of $b \to s$ processes}",
      journal        = "Phys. Rev.",
      volume         = "D69",
      year           = "2004",
      pages          = "074020",
      doi            = "10.1103/PhysRevD.69.074020",
      eprint         = "hep-ph/0310219",
      archivePrefix  = "arXiv",
      primaryClass   = "hep-ph",
      reportNumber   = "LMU-18-03, TUM-HEP-519-03",
      SLACcitation   = "%%CITATION = HEP-PH/0310219;%%"
}
@article{Bordone:2016gaq,
      author         = "Bordone, Marzia and Isidori, Gino and Pattori, Andrea",
      title          = "{On the Standard Model predictions for $R_K$ and
                        $R_{K^*}$}",
      year           = "2016",
      eprint         = "1605.07633",
      archivePrefix  = "arXiv",
      primaryClass   = "hep-ph",
      SLACcitation   = "%%CITATION = ARXIV:1605.07633;%%"
}
@article{Aaij:2014pli,
      author         = "Aaij, R. and others",
      title          = "{Differential branching fractions and isospin asymmetries
                        of $B \to K^{(\ast)} \mu^+ \mu^-$ decays}",
      collaboration  = "LHCb",
      journal        = "JHEP",
      volume         = "06",
      year           = "2014",
      pages          = "133",
      doi            = "10.1007/JHEP06(2014)133",
      eprint         = "1403.8044",
      archivePrefix  = "arXiv",
      primaryClass   = "hep-ex",
      reportNumber   = "LHCB-PAPER-2014-006, CERN-PH-EP-2014-055",
      SLACcitation   = "%%CITATION = ARXIV:1403.8044;%%"
}
@article{Bobeth:2011gi,
      author         = "Bobeth, Christoph and Hiller, Gudrun and van Dyk, Danny",
      title          = "{More Benefits of Semileptonic Rare B Decays at Low
                        Recoil: CP Violation}",
      journal        = "JHEP",
      volume         = "07",
      year           = "2011",
      pages          = "067",
      doi            = "10.1007/JHEP07(2011)067",
      eprint         = "1105.0376",
      archivePrefix  = "arXiv",
      primaryClass   = "hep-ph",
      reportNumber   = "DO-TH-10-16",
      SLACcitation   = "%%CITATION = ARXIV:1105.0376;%%"
}
@article{Bobeth:2011nj,
      author         = "Bobeth, Christoph and Hiller, Gudrun and van Dyk, Danny
                        and Wacker, Christian",
      title          = "{The Decay $B \to K \ell^+ \ell^-$ at Low Hadronic Recoil
                        and Model-Independent $\Delta B = 1$ Constraints}",
      journal        = "JHEP",
      volume         = "01",
      year           = "2012",
      pages          = "107",
      doi            = "10.1007/JHEP01(2012)107",
      eprint         = "1111.2558",
      archivePrefix  = "arXiv",
      primaryClass   = "hep-ph",
      reportNumber   = "DO-TH-11-23, EOS-2011-03",
      SLACcitation   = "%%CITATION = ARXIV:1111.2558;%%"
}
@article{Bobeth:2012vn,
      author         = "Bobeth, Christoph and Hiller, Gudrun and van Dyk, Danny",
      title          = "{General analysis of $\bar{B} \to \bar{K}^{(\ast)}\ell^+
                        \ell^-$  decays at low recoil}",
      journal        = "Phys. Rev.",
      volume         = "D87",
      year           = "2013",
      number         = "3",
      pages          = "034016",
      doi            = "10.1103/PhysRevD.87.034016",
      note           = "[Phys. Rev.D87,034016(2013)]",
      eprint         = "1212.2321",
      archivePrefix  = "arXiv",
      primaryClass   = "hep-ph",
      reportNumber   = "DO-TH-12-16, EOS-2012-02, SI-HEP-2012-21, QFET-2012-02",
      SLACcitation   = "%%CITATION = ARXIV:1212.2321;%%"
}
@article{Aaij:2013aln,
      author         = "Aaij, R and others",
      title          = "{Differential branching fraction and angular analysis of
                        the decay $B_s^0\to\phi\mu^{+}\mu^{-}$}",
      collaboration  = "LHCb",
      journal        = "JHEP",
      volume         = "07",
      year           = "2013",
      pages          = "084",
      doi            = "10.1007/JHEP07(2013)084",
      eprint         = "1305.2168",
      archivePrefix  = "arXiv",
      primaryClass   = "hep-ex",
      reportNumber   = "CERN-PH-EP-2013-078, LHCB-PAPER-2013-017",
      SLACcitation   = "%%CITATION = ARXIV:1305.2168;%%"
}
@article{Aaij:2015esa,
      author         = "Aaij, Roel and others",
      title          = "{Angular analysis and differential branching fraction of
                        the decay $B^0_s\to\phi\mu^+\mu^-$}",
      collaboration  = "LHCb",
      journal        = "JHEP",
      volume         = "09",
      year           = "2015",
      pages          = "179",
      doi            = "10.1007/JHEP09(2015)179",
      eprint         = "1506.08777",
      archivePrefix  = "arXiv",
      primaryClass   = "hep-ex",
      reportNumber   = "CERN-PH-EP-2015-145, LHCB-PAPER-2015-023",
      SLACcitation   = "%%CITATION = ARXIV:1506.08777;%%"
}
@article{Aaij:2013qta,
      author         = "Aaij, R and others",
      title          = "{Measurement of Form-Factor-Independent Observables in
                        the Decay $B^{0} \to K^{\ast0} \mu^+ \mu^-$}",
      collaboration  = "LHCb",
      journal        = "Phys. Rev. Lett.",
      volume         = "111",
      year           = "2013",
      pages          = "191801",
      doi            = "10.1103/PhysRevLett.111.191801",
      eprint         = "1308.1707",
      archivePrefix  = "arXiv",
      primaryClass   = "hep-ex",
      reportNumber   = "LHCB-PAPER-2013-037, CERN-PH-EP-2013-146",
      SLACcitation   = "%%CITATION = ARXIV:1308.1707;%%"
}
@article{Aaij:2015oid,
      author         = "Aaij, Roel and others",
      title          = "{Angular analysis of the $B^{0} \to K^{\ast0} \mu^{+}
                        \mu^{-}$ decay using 3 fb$^{-1}$ of integrated
                        luminosity}",
      collaboration  = "LHCb",
      journal        = "JHEP",
      volume         = "02",
      year           = "2016",
      pages          = "104",
      doi            = "10.1007/JHEP02(2016)104",
      eprint         = "1512.04442",
      archivePrefix  = "arXiv",
      primaryClass   = "hep-ex",
      reportNumber   = "CERN-PH-EP-2015-314, LHCB-PAPER-2015-051",
      SLACcitation   = "%%CITATION = ARXIV:1512.04442;%%"
}
@inproceedings{Abdesselam:2016llu,
      author         = "Abdesselam, A. and others",
      title          = "{Angular analysis of $B^0 \to K^\ast(892)^0 \ell^+
                        \ell^-$}",
      collaboration  = "Belle",
      url            = "http://inspirehep.net/record/1446979/files/arXiv:1604.04042.pdf",
      year           = "2016",
      eprint         = "1604.04042",
      archivePrefix  = "arXiv",
      primaryClass   = "hep-ex",
      reportNumber   = "BELLE-CONF-1603",
      SLACcitation   = "%%CITATION = ARXIV:1604.04042;%%"
}
@article{Descotes-Genon:2013vna,
      author         = "Descotes-Genon, Sebastien and Hurth, Tobias and Matias,
                        Joaquim and Virto, Javier",
      title          = "{Optimizing the basis of $B \to K^\ast \ell\ell$ observables in the full
                        kinematic range}",
      journal        = "JHEP",
      volume         = "05",
      year           = "2013",
      pages          = "137",
      doi            = "10.1007/JHEP05(2013)137",
      eprint         = "1303.5794",
      archivePrefix  = "arXiv",
      primaryClass   = "hep-ph",
      reportNumber   = "UAB-FT-732, LPT-ORSAY-13-24, MITP-13-020",
      SLACcitation   = "%%CITATION = ARXIV:1303.5794;%%"
}
@article{Straub:2015ica,
      author         = "Bharucha, Aoife and Straub, David M. and Zwicky, Roman",
      title          = "{$B\to V\ell^+\ell^-$ in the Standard Model from
                        Light-Cone Sum Rules}",
      year           = "2015",
      eprint         = "1503.05534",
      archivePrefix  = "arXiv",
      primaryClass   = "hep-ph",
      reportNumber   = "TUM-HEP-957-14, CP3-ORIGINS-2015-010, DNRF90,
                        DIAS-2015-10",
      SLACcitation   = "%%CITATION = ARXIV:1503.05534;%%"
}
@article{Jager:2012uw,
      author         = "J{\"a}ger, S. and Martin Camalich, J.",
      title          = "{On $B \to V \ell \ell$ at small dilepton invariant mass, power
                        corrections, and new physics}",
      journal        = "JHEP",
      volume         = "05",
      year           = "2013",
      pages          = "043",
      doi            = "10.1007/JHEP05(2013)043",
      eprint         = "1212.2263",
      archivePrefix  = "arXiv",
      primaryClass   = "hep-ph",
      SLACcitation   = "%%CITATION = ARXIV:1212.2263;%%"
}
@article{Jager:2014rwa,
      author         = "J{\"a}ger, Sebastian and Martin Camalich, Jorge",
      title          = "{Reassessing the discovery potential of the $B \to K^{\ast}
                        \ell^+\ell^-$ decays in the large-recoil region: SM
                        challenges and BSM opportunities}",
      journal        = "Phys. Rev.",
      volume         = "D93",
      year           = "2016",
      number         = "1",
      pages          = "014028",
      doi            = "10.1103/PhysRevD.93.014028",
      eprint         = "1412.3183",
      archivePrefix  = "arXiv",
      primaryClass   = "hep-ph",
      SLACcitation   = "%%CITATION = ARXIV:1412.3183;%%"
}
@article{Descotes-Genon:2013wba,
      author         = "Descotes-Genon, Sebastien and Matias, Joaquim and Virto,
                        Javier",
      title          = "{Understanding the $B\to K^\ast\mu^+\mu^-$ Anomaly}",
      journal        = "Phys. Rev.",
      volume         = "D88",
      year           = "2013",
      pages          = "074002",
      doi            = "10.1103/PhysRevD.88.074002",
      eprint         = "1307.5683",
      archivePrefix  = "arXiv",
      primaryClass   = "hep-ph",
      reportNumber   = "UAB-FT-737, LPT-ORSAY-13-58",
      SLACcitation   = "%%CITATION = ARXIV:1307.5683;%%"
}
@article{Ciuchini:2015qxb,
      author         = "Ciuchini, Marco and Fedele, Marco and Franco, Enrico and
                        Mishima, Satoshi and Paul, Ayan and Silvestrini, Luca and
                        Valli, Mauro",
      title          = "{$B\to K^\ast \ell^+ \ell^-$ decays at large recoil in the
                        Standard Model: a theoretical reappraisal}",
      year           = "2015",
      eprint         = "1512.07157",
      archivePrefix  = "arXiv",
      primaryClass   = "hep-ph",
      SLACcitation   = "%%CITATION = ARXIV:1512.07157;%%"
}
@article{Lees:2012xj,
      author         = "Lees, J. P. and others",
      title          = "{Evidence for an excess of $\bar{B} \to D^{(\ast)}
                        \tau^-\bar{\nu}_\tau$ decays}",
      collaboration  = "BaBar",
      journal        = "Phys. Rev. Lett.",
      volume         = "109",
      year           = "2012",
      pages          = "101802",
      doi            = "10.1103/PhysRevLett.109.101802",
      eprint         = "1205.5442",
      archivePrefix  = "arXiv",
      primaryClass   = "hep-ex",
      reportNumber   = "BABAR-PUB-12-012, SLAC-PUB-15028",
      SLACcitation   = "%%CITATION = ARXIV:1205.5442;%%"
}
@article{Fajfer:2012vx,
      author         = "Fajfer, Svjetlana and Kamenik, Jernej F. and Nisandzic,
                        Ivan",
      title          = "{On the $B \to D^\ast \tau \bar \nu_{\tau}$ Sensitivity to
                        New Physics}",
      journal        = "Phys. Rev.",
      volume         = "D85",
      year           = "2012",
      pages          = "094025",
      doi            = "10.1103/PhysRevD.85.094025",
      eprint         = "1203.2654",
      archivePrefix  = "arXiv",
      primaryClass   = "hep-ph",
      SLACcitation   = "%%CITATION = ARXIV:1203.2654;%%"
}
@article{Kamenik:2008tj,
      author         = "Kamenik, Jernej F. and Mescia, Federico",
      title          = "{$B \to D$ tau nu Branching Ratios: Opportunity for
                        Lattice QCD and Hadron Colliders}",
      journal        = "Phys. Rev.",
      volume         = "D78",
      year           = "2008",
      pages          = "014003",
      doi            = "10.1103/PhysRevD.78.014003",
      eprint         = "0802.3790",
      archivePrefix  = "arXiv",
      primaryClass   = "hep-ph",
      SLACcitation   = "%%CITATION = ARXIV:0802.3790;%%"
}
@article{Aaij:2015yra,
      author         = "Aaij, Roel and others",
      title          = "{Measurement of the ratio of branching fractions
                        $\mathcal{B}(\bar{B}^0 \to
                        D^{\ast+}\tau^{-}\bar{\nu}_{\tau})/\mathcal{B}(\bar{B}^0 \to
                        D^{\ast+}\mu^{-}\bar{\nu}_{\mu})$}",
      collaboration  = "LHCb",
      journal        = "Phys. Rev. Lett.",
      volume         = "115",
      year           = "2015",
      number         = "11",
      pages          = "111803",
      doi            = "10.1103/PhysRevLett.115.159901,
                        10.1103/PhysRevLett.115.111803",
      note           = "[Addendum: Phys. Rev. Lett.115,no.15,159901(2015)]",
      eprint         = "1506.08614",
      archivePrefix  = "arXiv",
      primaryClass   = "hep-ex",
      reportNumber   = "CERN-PH-EP-2015-150, LHCB-PAPER-2015-025",
      SLACcitation   = "%%CITATION = ARXIV:1506.08614;%%"
}
@article{Huschle:2015rga,
      author         = "Huschle, M. and others",
      title          = "{Measurement of the branching ratio of $\bar{B} \to
                        D^{(\ast)} \tau^- \bar{\nu}_\tau$ relative to $\bar{B} \to
                        D^{(\ast)} \ell^- \bar{\nu}_\ell$ decays with hadronic
                        tagging at Belle}",
      collaboration  = "Belle",
      journal        = "Phys. Rev.",
      volume         = "D92",
      year           = "2015",
      number         = "7",
      pages          = "072014",
      doi            = "10.1103/PhysRevD.92.072014",
      eprint         = "1507.03233",
      archivePrefix  = "arXiv",
      primaryClass   = "hep-ex",
      reportNumber   = "KEK-REPORT-2015-18",
      SLACcitation   = "%%CITATION = ARXIV:1507.03233;%%"
}
@misc{Belle-semilep,
      note = "P. Goldenzweig, talk at the ``Rencontres de Moriond, EW interactions and unified theories'', 12-19 Mar, 2016."
}
@article{Altmannshofer:2014rta,
      author         = "Altmannshofer, Wolfgang and Straub, David M.",
      title          = "{New physics in $b\to s$ transitions after LHC
                        run 1}",
      journal        = "Eur. Phys. J.",
      volume         = "C75",
      year           = "2015",
      number         = "8",
      pages          = "382",
      doi            = "10.1140/epjc/s10052-015-3602-7",
      eprint         = "1411.3161",
      archivePrefix  = "arXiv",
      primaryClass   = "hep-ph",
      SLACcitation   = "%%CITATION = ARXIV:1411.3161;%%"
}
@article{Ghosh:2014awa,
      author         = "Ghosh, Diptimoy and Nardecchia, Marco and Renner, S. A.",
      title          = "{Hint of Lepton Flavour Non-Universality in $B$ Meson
                        Decays}",
      journal        = "JHEP",
      volume         = "12",
      year           = "2014",
      pages          = "131",
      doi            = "10.1007/JHEP12(2014)131",
      eprint         = "1408.4097",
      archivePrefix  = "arXiv",
      primaryClass   = "hep-ph",
      SLACcitation   = "%%CITATION = ARXIV:1408.4097;%%"
}

@article{Bhattacharya:2014wla,
      author         = "Bhattacharya, Bhubanjyoti and Datta, Alakabha and London,
                        David and Shivashankara, Shanmuka",
      title          = "{Simultaneous Explanation of the $R_K$ and $R(D^{(\ast)})$
                        Puzzles}",
      journal        = "Phys. Lett.",
      volume         = "B742",
      year           = "2015",
      pages          = "370-374",
      doi            = "10.1016/j.physletb.2015.02.011",
      eprint         = "1412.7164",
      archivePrefix  = "arXiv",
      primaryClass   = "hep-ph",
      reportNumber   = "UDEM-GPP-TH-14-239, UMISS-HEP-2014-03",
      SLACcitation   = "%%CITATION = ARXIV:1412.7164;%%"
}
@article{Alonso:2014csa,
      author         = "Alonso, Rodrigo and Grinstein, Benjamin and Martin
                        Camalich, Jorge",
      title          = "{$SU(2)\times U(1)$ gauge invariance and the shape of new
                        physics in rare $B$ decays}",
      journal        = "Phys. Rev. Lett.",
      volume         = "113",
      year           = "2014",
      pages          = "241802",
      doi            = "10.1103/PhysRevLett.113.241802",
      eprint         = "1407.7044",
      archivePrefix  = "arXiv",
      primaryClass   = "hep-ph",
      SLACcitation   = "%%CITATION = ARXIV:1407.7044;%%"
}
@article{Glashow:2014iga,
      author         = "Glashow, Sheldon L. and Guadagnoli, Diego and Lane,
                        Kenneth",
      title          = "{Lepton Flavor Violation in $B$ Decays?}",
      journal        = "Phys. Rev. Lett.",
      volume         = "114",
      year           = "2015",
      pages          = "091801",
      doi            = "10.1103/PhysRevLett.114.091801",
      eprint         = "1411.0565",
      archivePrefix  = "arXiv",
      primaryClass   = "hep-ph",
      reportNumber   = "LAPTH-227-14, CERN-PH-TH-2014-229",
      SLACcitation   = "%%CITATION = ARXIV:1411.0565;%%"
}
@article{Guadagnoli:2015nra,
      author         = "Guadagnoli, Diego and Lane, Kenneth",
      title          = "{Charged-Lepton Mixing and Lepton Flavor Violation}",
      journal        = "Phys. Lett.",
      volume         = "B751",
      year           = "2015",
      pages          = "54-58",
      doi            = "10.1016/j.physletb.2015.10.010",
      eprint         = "1507.01412",
      archivePrefix  = "arXiv",
      primaryClass   = "hep-ph",
      reportNumber   = "CERN-PH-TH-2015-153, LAPTH-037-15",
      SLACcitation   = "%%CITATION = ARXIV:1507.01412;%%"
}
@article{Melikhov:2004mk,
      author         = "Melikhov, Dmitri and Nikitin, Nikolai",
      title          = "{Rare radiative leptonic decays $B(d,s) \to \ell^+\ell^- gamma$}",
      journal        = "Phys. Rev.",
      volume         = "D70",
      year           = "2004",
      pages          = "114028",
      doi            = "10.1103/PhysRevD.70.114028",
      eprint         = "hep-ph/0410146",
      archivePrefix  = "arXiv",
      primaryClass   = "hep-ph",
      SLACcitation   = "%%CITATION = HEP-PH/0410146;%%"
}
@article{Lyon:2014hpa,
      author         = "Lyon, James and Zwicky, Roman",
      title          = "{Resonances gone topsy turvy - the charm of QCD or new
                        physics in $b \to s \ell^+ \ell^-$?}",
      year           = "2014",
      eprint         = "1406.0566",
      archivePrefix  = "arXiv",
      primaryClass   = "hep-ph",
      reportNumber   = "EDINBURGH-14-10, CP3-ORIGINS-2014-021-DNRF90,
                        DIAS-2014-21",
      SLACcitation   = "%%CITATION = ARXIV:1406.0566;%%"
}
@article{Hurth:2016fbr,
      author         = "Hurth, T. and Mahmoudi, F. and Neshatpour, S.",
      title          = "{On the anomalies in the latest LHCb data}",
      year           = "2016",
      eprint         = "1603.00865",
      archivePrefix  = "arXiv",
      primaryClass   = "hep-ph",
      reportNumber   = "CERN-TH-2016-046, IPM-P.A-421, MITP-16-003",
      SLACcitation   = "%%CITATION = ARXIV:1603.00865;%%"
}
@article{Hurth:2014vma,
      author         = "Hurth, T. and Mahmoudi, F. and Neshatpour, S.",
      title          = "{Global fits to $b \to s\ell\ell$ data and signs for
                        lepton non-universality}",
      journal        = "JHEP",
      volume         = "12",
      year           = "2014",
      pages          = "053",
      doi            = "10.1007/JHEP12(2014)053",
      eprint         = "1410.4545",
      archivePrefix  = "arXiv",
      primaryClass   = "hep-ph",
      reportNumber   = "CERN-PH-TH-2014-198, MITP-14-078",
      SLACcitation   = "%%CITATION = ARXIV:1410.4545;%%"
}
@article{Descotes-Genon:2015uva,
      author         = "Descotes-Genon, S{\'{e}}bastien and Hofer, Lars and Matias,
                        Joaquim and Virto, Javier",
      title          = "{Global analysis of $b\to s\ell\ell$ anomalies}",
      year           = "2015",
      eprint         = "1510.04239",
      archivePrefix  = "arXiv",
      primaryClass   = "hep-ph",
      reportNumber   = "LPT-ORSAY-15-68, QFET-2015-29, SI-HEP-2015-19",
      SLACcitation   = "%%CITATION = ARXIV:1510.04239;%%"
}
@article{Beaujean:2015gba,
      author         = "Beaujean, Frederik and Bobeth, Christoph and Jahn,
                        Stephan",
      title          = "{Constraints on tensor and scalar couplings from
                        $B\to K\bar{\mu }\mu $ and $B_s\to \bar{\mu }\mu $}",
      journal        = "Eur. Phys. J.",
      volume         = "C75",
      year           = "2015",
      number         = "9",
      pages          = "456",
      doi            = "10.1140/epjc/s10052-015-3676-2",
      eprint         = "1508.01526",
      archivePrefix  = "arXiv",
      primaryClass   = "hep-ph",
      reportNumber   = "EOS-2015-03, FLAVOUR(267104)-ERC-107",
      SLACcitation   = "%%CITATION = ARXIV:1508.01526;%%"
}
@article{Altmannshofer:2013foa,
      author         = "Altmannshofer, Wolfgang and Straub, David M.",
      title          = "{New physics in $B \to K^\ast\mu\mu$?}",
      journal        = "Eur.Phys.J.",
      volume         = "C73",
      pages          = "2646",
      doi            = "10.1140/epjc/s10052-013-2646-9",
      year           = "2013",
      eprint         = "1308.1501",
      archivePrefix  = "arXiv",
      primaryClass   = "hep-ph",
      reportNumber   = "FERMILAB-PUB-13-310-T, MITP-13-047",
      SLACcitation   = "%%CITATION = ARXIV:1308.1501;%%",
}
@article{Gauld:2013qba,
      author         = "Gauld, Rhorry and Goertz, Florian and Haisch, Ulrich",
      title          = "{On minimal $Z'$ explanations of the $B \to K^{\ast} \mu^{+}
      \mu^{-}$ anomaly}",
      journal        = "Phys.Rev.",
      volume         = "D89",
      pages          = "015005",
      doi            = "10.1103/PhysRevD.89.015005",
      year           = "2014",
      eprint         = "1308.1959",
      archivePrefix  = "arXiv",
      primaryClass   = "hep-ph",
      SLACcitation   = "%%CITATION = ARXIV:1308.1959;%%",
}
@article{Buras:2013qja,
      author         = "Buras, Andrzej J. and Girrbach, Jennifer",
      title          = "{Left-handed Z' and Z FCNC quark couplings facing new $b
                        \to s \mu^+ \mu^-$ data}",
      journal        = "JHEP",
      volume         = "1312",
      pages          = "009",
      doi            = "10.1007/JHEP12(2013)009",
      year           = "2013",
      eprint         = "1309.2466",
      archivePrefix  = "arXiv",
      primaryClass   = "hep-ph",
      reportNumber   = "FLAVOUR(267104)-ERC-50",
      SLACcitation   = "%%CITATION = ARXIV:1309.2466;%%",
}
@article{Gauld:2013qja,
      author         = "Gauld, Rhorry and Goertz, Florian and Haisch, Ulrich",
      title          = "{An explicit Z'-boson explanation of the $B \to K^\ast \mu^+
                        \mu^-$ anomaly}",
      journal        = "JHEP",
      volume         = "1401",
      pages          = "069",
      doi            = "10.1007/JHEP01(2014)069",
      year           = "2014",
      eprint         = "1310.1082",
      archivePrefix  = "arXiv",
      primaryClass   = "hep-ph",
      SLACcitation   = "%%CITATION = ARXIV:1310.1082;%%",
}
@article{Buras:2013dea,
      author         = "Buras, Andrzej J. and De Fazio, Fulvia and Girrbach,
                        Jennifer",
      title          = "{331 models facing new $b \to s\mu^+ \mu^-$ data}",
      journal        = "JHEP",
      volume         = "1402",
      pages          = "112",
      doi            = "10.1007/JHEP02(2014)112",
      year           = "2014",
      eprint         = "1311.6729",
      archivePrefix  = "arXiv",
      primaryClass   = "hep-ph",
      reportNumber   = "FLAVOUR(267104)-ERC-55, BARI-TH-13-681",
      SLACcitation   = "%%CITATION = ARXIV:1311.6729;%%",
}
@article{Altmannshofer:2014cfa,
      author         = "Altmannshofer, Wolfgang and Gori, Stefania and Pospelov,
                        Maxim and Yavin, Itay",
      title          = "{Quark flavor transitions in $L_\mu-L_\tau$ models}",
      journal        = "Phys.Rev.",
      volume         = "D89",
      pages          = "095033",
      doi            = "10.1103/PhysRevD.89.095033",
      year           = "2014",
      eprint         = "1403.1269",
      archivePrefix  = "arXiv",
      primaryClass   = "hep-ph",
      SLACcitation   = "%%CITATION = ARXIV:1403.1269;%%",
}
@article{Hiller:2014yaa,
      author         = "Hiller, Gudrun and Schmaltz, Martin",
      title          = "{$R_K$ and future $b \to s \ell \ell$ physics beyond the
                        standard model opportunities}",
      journal        = "Phys.Rev.",
      volume         = "D90",
      pages          = "054014",
      doi            = "10.1103/PhysRevD.90.054014",
      year           = "2014",
      eprint         = "1408.1627",
      archivePrefix  = "arXiv",
      primaryClass   = "hep-ph",
      reportNumber   = "DO-TH-14-17",
      SLACcitation   = "%%CITATION = ARXIV:1408.1627;%%",
}
@article{Hiller:2014ula,
      author         = "Hiller, Gudrun and Schmaltz, Martin",
      title          = "{Diagnosing lepton-nonuniversality in $b \to s \ell
                        \ell$}",
      journal        = "JHEP",
      volume         = "1502",
      pages          = "055",
      doi            = "10.1007/JHEP02(2015)055",
      year           = "2015",
      eprint         = "1411.4773",
      archivePrefix  = "arXiv",
      primaryClass   = "hep-ph",
      reportNumber   = "DO-TH-14-25, QFET-2014-21",
      SLACcitation   = "%%CITATION = ARXIV:1411.4773;%%",
}
@article{Gripaios:2014tna,
      author         = "Gripaios, Ben and Nardecchia, Marco and Renner, S.A.",
      title          = "{Composite leptoquarks and anomalies in $B$-meson
                        decays}",
      journal        = "JHEP",
      volume         = "1505",
      pages          = "006",
      doi            = "10.1007/JHEP05(2015)006",
      year           = "2015",
      eprint         = "1412.1791",
      archivePrefix  = "arXiv",
      primaryClass   = "hep-ph",
      SLACcitation   = "%%CITATION = ARXIV:1412.1791;%%",
}
@article{Crivellin:2015mga,
      author         = "Crivellin, Andreas and D'Ambrosio, Giancarlo and Heeck,
                        Julian",
      title          = "{Explaining $h\to\mu^\pm\tau^\mp$, $B\to K^\ast \mu^+\mu^-$
                        and $B\to K \mu^+\mu^-/B\to K e^+e^-$ in a
                        two-Higgs-doublet model with gauged $L_\mu-L_\tau$}",
      journal        = "Phys.Rev.Lett.",
      volume         = "114",
      pages          = "151801",
      doi            = "10.1103/PhysRevLett.114.151801",
      year           = "2015",
      eprint         = "1501.00993",
      archivePrefix  = "arXiv",
      primaryClass   = "hep-ph",
      reportNumber   = "CERN-PH-TH-2015-001, ULB-TH-14-26",
      SLACcitation   = "%%CITATION = ARXIV:1501.00993;%%",
}
@article{Crivellin:2015lwa,
      author         = "Crivellin, Andreas and D'Ambrosio, Giancarlo and Heeck,
                        Julian",
      title          = "{Addressing the LHC flavor anomalies with horizontal
                        gauge symmetries}",
      journal        = "Phys.Rev.",
      number         = "7",
      volume         = "D91",
      pages          = "075006",
      doi            = "10.1103/PhysRevD.91.075006",
      year           = "2015",
      eprint         = "1503.03477",
      archivePrefix  = "arXiv",
      primaryClass   = "hep-ph",
      reportNumber   = "CERN-PH-TH-2015-046, ULB-TH-15-03",
      SLACcitation   = "%%CITATION = ARXIV:1503.03477;%%",
}
@article{Niehoff:2015bfa,
      author         = "Niehoff, Christoph and Stangl, Peter and Straub, David
                        M.",
      title          = "{Violation of lepton flavour universality in composite
                        Higgs models}",
      journal        = "Phys.Lett.",
      volume         = "B747",
      pages          = "182-186",
      doi            = "10.1016/j.physletb.2015.05.063",
      year           = "2015",
      eprint         = "1503.03865",
      archivePrefix  = "arXiv",
      primaryClass   = "hep-ph",
      SLACcitation   = "%%CITATION = ARXIV:1503.03865;%%",
}
@article{Sierra:2015fma,
      author         = "Aristizabal, Sierra D. and Staub, Florian and Vicente,
                        Avelino",
      title          = "{Shedding light on the $b\to s$ anomalies with a dark
                        sector}",
      year           = "2015",
      eprint         = "1503.06077",
      archivePrefix  = "arXiv",
      primaryClass   = "hep-ph",
      SLACcitation   = "%%CITATION = ARXIV:1503.06077;%%",
}
@article{Celis:2015ara,
      author         = "Celis, Alejandro and Fuentes-Martin, Javier and Jung,
                        Martin and Serodio, Hugo",
      title          = "{Family non-universal Z' models with protected
                        flavor-changing interactions}",
      year           = "2015",
      eprint         = "1505.03079",
      archivePrefix  = "arXiv",
      primaryClass   = "hep-ph",
      reportNumber   = "LMU-ASC-22-15, IFIC-15-23, FLAVOUR(267104)-ERC-95",
      SLACcitation   = "%%CITATION = ARXIV:1505.03079;%%",
}
@article{Becirevic:2015asa,
      author         = "Be{\v{c}}irevi{\'{c}}, Damir and Fajfer, Svjetlana and Ko{\v{s}}nik,
                        Nejc",
      title          = "{Lepton flavor non-universality in $b \to s \ell^+
                        \ell^-$ processes}",
      year           = "2015",
      eprint         = "1503.09024",
      archivePrefix  = "arXiv",
      primaryClass   = "hep-ph",
      reportNumber   = "LPT-ORSAY-15-25",
      SLACcitation   = "%%CITATION = ARXIV:1503.09024;%%",
}
@article{Varzielas:2015iva,
      author         = "de Medeiros Varzielas, Ivo and Hiller, Gudrun",
      title          = "{Clues for flavor from rare lepton and quark decays}",
      journal        = "JHEP",
      volume         = "1506",
      pages          = "072",
      doi            = "10.1007/JHEP06(2015)072",
      year           = "2015",
      eprint         = "1503.01084",
      archivePrefix  = "arXiv",
      primaryClass   = "hep-ph",
      reportNumber   = "DO-TH-15-02, QFET-2015-04",
      SLACcitation   = "%%CITATION = ARXIV:1503.01084;%%",
}
@article{Boucenna:2015raa,
      author         = "Boucenna, Sofiane M. and Valle, Jose W. F. and Vicente,
                        Avelino",
      title          = "{Are the B decay anomalies related to neutrino
                        oscillations?}",
      journal        = "Phys. Lett.",
      volume         = "B750",
      year           = "2015",
      pages          = "367-371",
      doi            = "10.1016/j.physletb.2015.09.040",
      eprint         = "1503.07099",
      archivePrefix  = "arXiv",
      primaryClass   = "hep-ph",
      reportNumber   = "IFIC-15-21",
      SLACcitation   = "%%CITATION = ARXIV:1503.07099;%%"
}
@article{Crivellin:2015era,
      author         = "Crivellin, Andreas and Hofer, Lars and Matias, Joaquim
                        and Nierste, Ulrich and Pokorski, Stefan and others",
      title          = "{Lepton-Flavour Violating $B$ Decays in Generic
                        $Z^\prime$ Models}",
      year           = "2015",
      eprint         = "1504.07928",
      archivePrefix  = "arXiv",
      primaryClass   = "hep-ph",
      reportNumber   = "CERN-PH-TH-2015-091, TTP15-018",
      SLACcitation   = "%%CITATION = ARXIV:1504.07928;%%",
}
@article{Lee:2015qra,
      author         = "Lee, Chao-Jung and Tandean, Jusak",
      title          = "{Minimal Lepton Flavor Violation Implications of the $b \to
                        s$ Anomalies}",
      year           = "2015",
      eprint         = "1505.04692",
      archivePrefix  = "arXiv",
      primaryClass   = "hep-ph",
      SLACcitation   = "%%CITATION = ARXIV:1505.04692;%%",
}
@article{Alonso:2015sja,
      author         = "Alonso, Rodrigo and Grinstein, Benjam{\'{i}}n and Camalich,
                        Jorge Martin",
      title          = "{Lepton universality violation and lepton flavor
                        conservation in $B$-meson decays}",
      year           = "2015",
      eprint         = "1505.05164",
      archivePrefix  = "arXiv",
      primaryClass   = "hep-ph",
      SLACcitation   = "%%CITATION = ARXIV:1505.05164;%%",
}
@article{Greljo:2015mma,
      author         = "Greljo, Admir and Isidori, Gino and Marzocca, David",
      title          = "{On the breaking of Lepton Flavor Universality in B
                        decays}",
      year           = "2015",
      eprint         = "1506.01705",
      archivePrefix  = "arXiv",
      primaryClass   = "hep-ph",
      reportNumber   = "ZU-TH-16-15",
      SLACcitation   = "%%CITATION = ARXIV:1506.01705;%%",
}
@article{Calibbi:2015kma,
      author         = "Calibbi, Lorenzo and Crivellin, Andreas and Ota,
                        Toshihiko",
      title          = "{Effective field theory approach to $b\to
                        s\ell\ell^{(\prime)}$, $B\to K^{(\ast)}\nu\bar{\nu}$ and
                        $B\to D^{(\ast)}\tau\nu$ with third generation couplings}",
      year           = "2015",
      eprint         = "1506.02661",
      archivePrefix  = "arXiv",
      primaryClass   = "hep-ph",
      reportNumber   = "CERN-PH-TH-2015-134, STUPP-15-222",
      SLACcitation   = "%%CITATION = ARXIV:1506.02661;%%",
}
@article{Fajfer:2015ycq,
      author         = "Fajfer, Svjetlana and Ko{\v{s}}nik, Nejc",
      title          = "{Vector leptoquark resolution of $R_K$ and $R_{D^{(\ast)}}$
                        puzzles}",
      journal        = "Phys. Lett.",
      volume         = "B755",
      year           = "2016",
      pages          = "270-274",
      doi            = "10.1016/j.physletb.2016.02.018",
      eprint         = "1511.06024",
      archivePrefix  = "arXiv",
      primaryClass   = "hep-ph",
      SLACcitation   = "%%CITATION = ARXIV:1511.06024;%%"
}
@article{Bauer:2015knc,
      author         = "Bauer, Martin and Neubert, Matthias",
      title          = "{One Leptoquark to Rule Them All: A Minimal Explanation
                        for $R_{D^{(\ast)}}$, $R_K$ and $(g-2)_\mu$}",
      journal        = "Phys. Rev. Lett.",
      volume         = "116",
      year           = "2016",
      number         = "14",
      pages          = "141802",
      doi            = "10.1103/PhysRevLett.116.141802",
      eprint         = "1511.01900",
      archivePrefix  = "arXiv",
      primaryClass   = "hep-ph",
      reportNumber   = "MITP-15-100",
      SLACcitation   = "%%CITATION = ARXIV:1511.01900;%%"
}
@article{Altmannshofer:2015mqa,
      author         = "Altmannshofer, Wolfgang and Yavin, Itay",
      title          = "{Predictions for lepton flavor universality violation in
                        rare B decays in models with gauged $L_\mu - L_\tau$}",
      journal        = "Phys. Rev.",
      volume         = "D92",
      year           = "2015",
      number         = "7",
      pages          = "075022",
      doi            = "10.1103/PhysRevD.92.075022",
      eprint         = "1508.07009",
      archivePrefix  = "arXiv",
      primaryClass   = "hep-ph",
      SLACcitation   = "%%CITATION = ARXIV:1508.07009;%%"
}
@article{Buttazzo:2016kid,
      author         = "Buttazzo, Dario and Greljo, Admir and Isidori, Gino and
                        Marzocca, David",
      title          = "{Toward a coherent solution of diphoton and flavor
                        anomalies}",
      year           = "2016",
      eprint         = "1604.03940",
      archivePrefix  = "arXiv",
      primaryClass   = "hep-ph",
      SLACcitation   = "%%CITATION = ARXIV:1604.03940;%%"
}
@article{Aaij:2012vr,
      author         = "Aaij, R and others",
      title          = "{Differential branching fraction and angular analysis of
                        the $B^{+} \to K^{+}\mu^{+}\mu^{-}$ decay}",
      collaboration  = "LHCb",
      journal        = "JHEP",
      volume         = "02",
      year           = "2013",
      pages          = "105",
      doi            = "10.1007/JHEP02(2013)105",
      eprint         = "1209.4284",
      archivePrefix  = "arXiv",
      primaryClass   = "hep-ex",
      reportNumber   = "LHCB-PAPER-2012-024, CERN-PH-EP-2012-263",
      SLACcitation   = "%%CITATION = ARXIV:1209.4284;%%"
}
@article{Cirigliano:2005ck,
      author         = "Cirigliano, Vincenzo and Grinstein, Benjamin and Isidori,
                        Gino and Wise, Mark B.",
      title          = "{Minimal flavor violation in the lepton sector}",
      journal        = "Nucl. Phys.",
      volume         = "B728",
      year           = "2005",
      pages          = "121-134",
      doi            = "10.1016/j.nuclphysb.2005.08.037",
      eprint         = "hep-ph/0507001",
      archivePrefix  = "arXiv",
      primaryClass   = "hep-ph",
      reportNumber   = "UCSD-PTH-05-11, CALT-68-2566",
      SLACcitation   = "%%CITATION = HEP-PH/0507001;%%"
}
@article{Bobeth:2001sq,
      author         = "Bobeth, C. and Ewerth, T. and Kr{\"u}ger, F. and Urban, J.",
      title          = "{Analysis of neutral Higgs boson contributions to the
                        decays $\bar{B}_s \to \ell^{+} \ell^{-}$ and
                        $\bar{B} \to K \ell^{+} \ell^{-}$}",
      journal        = "Phys. Rev.",
      volume         = "D64",
      year           = "2001",
      pages          = "074014",
      doi            = "10.1103/PhysRevD.64.074014",
      eprint         = "hep-ph/0104284",
      archivePrefix  = "arXiv",
      primaryClass   = "hep-ph",
      reportNumber   = "TUM-HEP-411-01",
      SLACcitation   = "%%CITATION = HEP-PH/0104284;%%"
}
@article{Buras:2012ru,
      author         = "Buras, Andrzej J. and Girrbach, Jennifer and Guadagnoli,
                        Diego and Isidori, Gino",
      title          = "{On the Standard Model prediction for $\mathcal{B}(B_{s,d} \to \mu^+
                        \mu^-)$}",
      journal        = "Eur. Phys. J.",
      volume         = "C72",
      year           = "2012",
      pages          = "2172",
      doi            = "10.1140/epjc/s10052-012-2172-1",
      eprint         = "1208.0934",
      archivePrefix  = "arXiv",
      primaryClass   = "hep-ph",
      reportNumber   = "FLAVOUR(267104)-ERC-20, LAPTH-032-12,
                        CERN-PH-TH-2012-210",
      SLACcitation   = "%%CITATION = ARXIV:1208.0934;%%"
}
@article{Bediaga:2012py,
      author         = "Aaij, R and others",
      title          = "{Implications of LHCb measurements and future prospects}",
      collaboration  = "LHCb",
      journal        = "Eur. Phys. J.",
      volume         = "C73",
      year           = "2013",
      number         = "4",
      pages          = "2373",
      doi            = "10.1140/epjc/s10052-013-2373-2",
      eprint         = "1208.3355",
      archivePrefix  = "arXiv",
      primaryClass   = "hep-ex",
      reportNumber   = "LHCB-PUB-2012-006, LHCB-PAPER-2012-031,
                        CERN-PH-EP-2012-334",
      SLACcitation   = "%%CITATION = ARXIV:1208.3355;%%"
}
@article{DeBruyn:2012wk,
      author         = "De Bruyn, Kristof and Fleischer, Robert and Knegjens,
                        Robert and Koppenburg, Patrick and Merk, Marcel and
                        Pellegrino, Antonio and Tuning, Niels",
      title          = "{Probing New Physics via the $B^0_s\to \mu^+\mu^-$
                        Effective Lifetime}",
      journal        = "Phys. Rev. Lett.",
      volume         = "109",
      year           = "2012",
      pages          = "041801",
      doi            = "10.1103/PhysRevLett.109.041801",
      eprint         = "1204.1737",
      archivePrefix  = "arXiv",
      primaryClass   = "hep-ph",
      reportNumber   = "NIKHEF-2012-006",
      SLACcitation   = "%%CITATION = ARXIV:1204.1737;%%"
}
@article{Sahoo:2015pzk,
      author         = "Sahoo, Suchismita and Mohanta, Rukmani",
      title          = "{Lepton flavour violating B meson decays via scalar
                        leptoquark}",
      year           = "2015",
      eprint         = "1512.04657",
      archivePrefix  = "arXiv",
      primaryClass   = "hep-ph",
      SLACcitation   = "%%CITATION = ARXIV:1512.04657;%%"
}
@article{Kruger:2002gf,
      author         = "Kruger, Frank and Melikhov, Dmitri",
      title          = "{Gauge invariance and form-factors for the decay $B \to
                        \gamma \ell^+ \ell^-$}",
      journal        = "Phys. Rev.",
      volume         = "D67",
      year           = "2003",
      pages          = "034002",
      doi            = "10.1103/PhysRevD.67.034002",
      eprint         = "hep-ph/0208256",
      archivePrefix  = "arXiv",
      primaryClass   = "hep-ph",
      reportNumber   = "TUM-HEP-473-02, HD-THEP-02-26",
      SLACcitation   = "%%CITATION = HEP-PH/0208256;%%"
}
@article{Kozachuk:2015kos,
      author         = "Kozachuk, Anastasiya and Melikhov, Dmitri and Nikitin,
                        Nikolai",
      title          = "{Annihilation type rare radiative $B_{(s)} \to V \gamma$
                        decays}",
      journal        = "Phys. Rev.",
      volume         = "D93",
      year           = "2016",
      number         = "1",
      pages          = "014015",
      doi            = "10.1103/PhysRevD.93.014015",
      eprint         = "1511.03540",
      archivePrefix  = "arXiv",
      primaryClass   = "hep-ph",
      SLACcitation   = "%%CITATION = ARXIV:1511.03540;%%"
}
@misc{JFMarchand,
note = "J.-F. Marchand, private communication."}
@article{Agashe:2014kda,
      author         = "Olive, K. A. and others",
      title          = "{Review of Particle Physics}",
      collaboration  = "Particle Data Group",
      journal        = "Chin. Phys.",
      volume         = "C38",
      year           = "2014",
      pages          = "090001",
      doi            = "10.1088/1674-1137/38/9/090001",
      SLACcitation   = "%%CITATION = CHPHD,C38,090001;%%"
}
@article{Dowdall:2013tga,
      author         = "Dowdall, R. J. and Davies, C. T. H. and Horgan, R. R. and
                        Monahan, C. J. and Shigemitsu, J.",
      title          = "{B-Meson Decay Constants from Improved Lattice
                        Nonrelativistic QCD with Physical u, d, s, and c Quarks}",
      collaboration  = "HPQCD",
      journal        = "Phys. Rev. Lett.",
      volume         = "110",
      year           = "2013",
      number         = "22",
      pages          = "222003",
      doi            = "10.1103/PhysRevLett.110.222003",
      eprint         = "1302.2644",
      archivePrefix  = "arXiv",
      primaryClass   = "hep-lat",
      SLACcitation   = "%%CITATION = ARXIV:1302.2644;%%"
}
@article{Carrasco:2014poa,
      author         = "Carrasco, N. and others",
      title          = "{Leptonic decay constants $f_{K},f_{D},$ and
                        $f_{{D}_{s}}$ with $N_{f} = 2+1+1$ twisted-mass lattice
                        QCD}",
      journal        = "Phys. Rev.",
      volume         = "D91",
      year           = "2015",
      number         = "5",
      pages          = "054507",
      doi            = "10.1103/PhysRevD.91.054507",
      eprint         = "1411.7908",
      archivePrefix  = "arXiv",
      primaryClass   = "hep-lat",
      SLACcitation   = "%%CITATION = ARXIV:1411.7908;%%"
}
@article{Beaujean:2013soa,
      author         = "Beaujean, Frederik and Bobeth, Christoph and van Dyk,
                        Danny",
      title          = "{Comprehensive Bayesian analysis of rare (semi)leptonic
                        and radiative $B$ decays}",
      journal        = "Eur. Phys. J.",
      volume         = "C74",
      year           = "2014",
      pages          = "2897",
      doi            = "10.1140/epjc/s10052-014-2897-0,
                        10.1140/epjc/s10052-014-3179-6",
      note           = "[Erratum: Eur. Phys. J.C74,3179(2014)]",
      eprint         = "1310.2478",
      archivePrefix  = "arXiv",
      primaryClass   = "hep-ph",
      reportNumber   = "EOS-2013-01, SI-HEP-2013-10, QFET-2013-07,
                        FLAVOUR(267104)-ERC-56",
      SLACcitation   = "%%CITATION = ARXIV:1310.2478;%%"
}
@article{Biswas:2014gga,
      author         = "Biswas, Sanjoy and Chowdhury, Debtosh and Han, Sangeun
                        and Lee, Seung J.",
      title          = "{Explaining the lepton non-universality at the LHCb and
                        CMS within a unified framework}",
      journal        = "JHEP",
      volume         = "02",
      year           = "2015",
      pages          = "142",
      doi            = "10.1007/JHEP02(2015)142",
      eprint         = "1409.0882",
      archivePrefix  = "arXiv",
      primaryClass   = "hep-ph",
      SLACcitation   = "%%CITATION = ARXIV:1409.0882;%%"
}
@article{Becirevic:2016zri,
      author         = "Be\v{c}irevi\'c, Damir and Sumensari, Olcyr and Zukanovich
                        Funchal, Renata",
      title          = "{Lepton flavor violation in exclusive $b\rightarrow s$
                        decays}",
      journal        = "Eur. Phys. J.",
      volume         = "C76",
      year           = "2016",
      number         = "3",
      pages          = "134",
      doi            = "10.1140/epjc/s10052-016-3985-0",
      eprint         = "1602.00881",
      archivePrefix  = "arXiv",
      primaryClass   = "hep-ph",
      reportNumber   = "LPT-15-57",
      SLACcitation   = "%%CITATION = ARXIV:1602.00881;%%"
}
@article{Chiang:2016qov,
      author         = "Chiang, Cheng-Wei and He, Xiao-Gang and Valencia, German",
      title          = "{$Z'$ model for $b \to s \ell \overline{\ell}$ flavor
                        anomalies}",
      journal        = "Phys. Rev.",
      volume         = "D93",
      year           = "2016",
      number         = "7",
      pages          = "074003",
      doi            = "10.1103/PhysRevD.93.074003",
      eprint         = "1601.07328",
      archivePrefix  = "arXiv",
      primaryClass   = "hep-ph",
      reportNumber   = "COEPP-MN-16-1",
      SLACcitation   = "%%CITATION = ARXIV:1601.07328;%%"
}
@article{Celis:2015eqs,
      author         = "Celis, Alejandro and Feng, Wan-Zhe and Lüst, Dieter",
      title          = "{Stringy explanation of $b \to s \ell^{+} \ell^{?}$
                        anomalies}",
      journal        = "JHEP",
      volume         = "02",
      year           = "2016",
      pages          = "007",
      doi            = "10.1007/JHEP02(2016)007",
      eprint         = "1512.02218",
      archivePrefix  = "arXiv",
      primaryClass   = "hep-ph",
      reportNumber   = "LMU-ASC-72-15, MPP-2015-275",
      SLACcitation   = "%%CITATION = ARXIV:1512.02218;%%"
}
@article{Falkowski:2015zwa,
      author         = "Falkowski, Adam and Nardecchia, Marco and Ziegler,
                        Robert",
      title          = "{Lepton Flavor Non-Universality in B-meson Decays from a
                        U(2) Flavor Model}",
      journal        = "JHEP",
      volume         = "11",
      year           = "2015",
      pages          = "173",
      doi            = "10.1007/JHEP11(2015)173",
      eprint         = "1509.01249",
      archivePrefix  = "arXiv",
      primaryClass   = "hep-ph",
      SLACcitation   = "%%CITATION = ARXIV:1509.01249;%%"
}
@article{Belanger:2015nma,
      author         = "B\'elanger, Genevi\`eve and Delaunay, C\'edric and Westhoff,
                        Susanne",
      title          = "{A Dark Matter Relic From Muon Anomalies}",
      journal        = "Phys. Rev.",
      volume         = "D92",
      year           = "2015",
      pages          = "055021",
      doi            = "10.1103/PhysRevD.92.055021",
      eprint         = "1507.06660",
      archivePrefix  = "arXiv",
      primaryClass   = "hep-ph",
      reportNumber   = "LAPTH-039-15, PITT-PACC-1511",
      SLACcitation   = "%%CITATION = ARXIV:1507.06660;%%"
}
@article{Belanger:2016ywb,
      author         = "B\'elanger, Genevi\`eve and Delaunay, C\'edric",
      title          = "{A Dark Sector for $g_\mu-2$, $R_K$ and a Diphoton
                        Resonance}",
      year           = "2016",
      eprint         = "1603.03333",
      archivePrefix  = "arXiv",
      primaryClass   = "hep-ph",
      SLACcitation   = "%%CITATION = ARXIV:1603.03333;%%"
}
@article{Carmona:2015ena,
      author         = "Carmona, Adrian and Goertz, Florian",
      title          = "{Lepton Flavor and Non-Universality from Minimal
                        Composite Higgs Setups}",
      year           = "2015",
      eprint         = "1510.07658",
      archivePrefix  = "arXiv",
      primaryClass   = "hep-ph",
      reportNumber   = "CERN-PH-TH-2015-251",
      SLACcitation   = "%%CITATION = ARXIV:1510.07658;%%"
}
@article{Boucenna:2016wpr,
      author         = "Boucenna, Sofiane M. and Celis, Alejandro and
                        Fuentes-Martin, Javier and Vicente, Avelino and Virto,
                        Javier",
      title          = "{Non-abelian gauge extensions for B-decay anomalies}",
      year           = "2016",
      eprint         = "1604.03088",
      archivePrefix  = "arXiv",
      primaryClass   = "hep-ph",
      reportNumber   = "SI-HEP-2016-10, QFET-2016-05, LMU-ASC-16-16, IFIC-16-19",
      SLACcitation   = "%%CITATION = ARXIV:1604.03088;%%"
}
@article{D'Ambrosio:1998yj,
      author         = "D'Ambrosio, G. and Ecker, G. and Isidori, G. and
                        Portoles, J.",
      title          = "{The Decays K ---> pi l+ l- beyond leading order in the
                        chiral expansion}",
      journal        = "JHEP",
      volume         = "08",
      year           = "1998",
      pages          = "004",
      doi            = "10.1088/1126-6708/1998/08/004",
      eprint         = "hep-ph/9808289",
      archivePrefix  = "arXiv",
      primaryClass   = "hep-ph",
      reportNumber   = "INFN-NA-IV-98-25, UWTHPH-1998-45, FTUV-98-61, IFIC-98-62",
      SLACcitation   = "%%CITATION = HEP-PH/9808289;%%"
}
@article{Crivellin:2016vjc,
      author         = "Crivellin, Andreas and D'Ambrosio, Giancarlo and
                        Hoferichter, Martin and Tunstall, Lewis C.",
      title          = "{Violation of lepton flavor and lepton flavor
                        universality in rare kaon decays}",
      journal        = "Phys. Rev.",
      volume         = "D93",
      year           = "2016",
      number         = "7",
      pages          = "074038",
      doi            = "10.1103/PhysRevD.93.074038",
      eprint         = "1601.00970",
      archivePrefix  = "arXiv",
      primaryClass   = "hep-ph",
      reportNumber   = "CERN-TH-2016-001, INT-PUB-16-001, PSI-PR-16-001",
      SLACcitation   = "%%CITATION = ARXIV:1601.00970;%%"
}
@article{Ambrose:1998us,
      author         = "Ambrose, D. and others",
      title          = "{New limit on muon and electron lepton number violation
                        from $K_L \to \mu^\pm e^\mp$ decay}",
      collaboration  = "BNL",
      journal        = "Phys. Rev. Lett.",
      volume         = "81",
      year           = "1998",
      pages          = "5734-5737",
      doi            = "10.1103/PhysRevLett.81.5734",
      eprint         = "hep-ex/9811038",
      archivePrefix  = "arXiv",
      primaryClass   = "hep-ex",
      SLACcitation   = "%%CITATION = HEP-EX/9811038;%%"
}
@article{Sher:2005sp,
      author         = "Sher, Aleksey and others",
      title          = "{An Improved upper limit on the decay $K^+ \to \pi^+ \mu^+
                        e^-$}",
      journal        = "Phys. Rev.",
      volume         = "D72",
      year           = "2005",
      pages          = "012005",
      doi            = "10.1103/PhysRevD.72.012005",
      eprint         = "hep-ex/0502020",
      archivePrefix  = "arXiv",
      primaryClass   = "hep-ex",
      SLACcitation   = "%%CITATION = HEP-EX/0502020;%%"
}
@article{Appel:2000tc,
      author         = "Appel, R. and others",
      title          = "{Search for lepton flavor violation in $K^+$ decays}",
      journal        = "Phys. Rev. Lett.",
      volume         = "85",
      year           = "2000",
      pages          = "2877-2880",
      doi            = "10.1103/PhysRevLett.85.2877",
      eprint         = "hep-ex/0006003",
      archivePrefix  = "arXiv",
      primaryClass   = "hep-ex",
      SLACcitation   = "%%CITATION = HEP-EX/0006003;%%"
}
@article{Guadagnoli:2016erb,
      author         = "Guadagnoli, Diego and Melikhov, Dmitri and Reboud, Meril",
      title          = "{More Lepton Flavor Violating Observables for LHCb's Run
                        2}",
      year           = "2016",
      eprint         = "1605.05718",
      archivePrefix  = "arXiv",
      primaryClass   = "hep-ph",
      reportNumber   = "LAPTH-023-16",
      SLACcitation   = "%%CITATION = ARXIV:1605.05718;%%"
}
@article{Cahn:1980kv,
      author         = "Cahn, Robert N. and Harari, Haim",
      title          = "{Bounds on the Masses of Neutral Generation Changing
                        Gauge Bosons}",
      journal        = "Nucl. Phys.",
      volume         = "B176",
      year           = "1980",
      pages          = "135-152",
      doi            = "10.1016/0550-3213(80)90067-X",
      reportNumber   = "LBL-10823",
      SLACcitation   = "%%CITATION = NUPHA,B176,135;%%"
}

@article{Krasny:2015ffb,
      author         = "Krasny, Mieczyslaw Witold",
      title          = "{The Gamma Factory proposal for CERN}",
      year           = "2015",
      eprint         = "1511.07794",
      archivePrefix  = "arXiv",
      primaryClass   = "hep-ex",
      SLACcitation   = "%%CITATION = ARXIV:1511.07794;%%"
}

%%%%%LEPTON FLAVOR
@article{Fonseca:2012kr,
      author         = "Fonseca, R. M. and Romao, J. C. and Teixeira, A. M.",
      title          = "{Revisiting the $\Gamma(K \to e \nu)/\Gamma(K \to \mu
                        \nu)$ Ratio in Supersymmetric Unified Models}",
      journal        = "Eur. Phys. J.",
      volume         = "C72",
      year           = "2012",
      pages          = "2228",
      doi            = "10.1140/epjc/s10052-012-2228-2",
      eprint         = "1205.1411",
      archivePrefix  = "arXiv",
      primaryClass   = "hep-ph",
      reportNumber   = "CFTP-12-004, PCCF-RI-12-03",
      SLACcitation   = "%%CITATION = ARXIV:1205.1411;%%"
}

@article{Abada:2012mc,
      author         = "Abada, A. and Das, D. and Teixeira, A. M. and Vicente, A.
                        and Weiland, C.",
      title          = "{Tree-level lepton universality violation in the presence
                        of sterile neutrinos: impact for $R_K$ and $R_\pi$}",
      journal        = "JHEP",
      volume         = "02",
      year           = "2013",
      pages          = "048",
      doi            = "10.1007/JHEP02(2013)048",
      eprint         = "1211.3052",
      archivePrefix  = "arXiv",
      primaryClass   = "hep-ph",
      SLACcitation   = "%%CITATION = ARXIV:1211.3052;%%"
}

@article{Abada:2013aba,
      author         = "Abada, A. and Teixeira, A. M. and Vicente, A. and
                        Weiland, C.",
      title          = "{Sterile neutrinos in leptonic and semileptonic decays}",
      journal        = "JHEP",
      volume         = "02",
      year           = "2014",
      pages          = "091",
      doi            = "10.1007/JHEP02(2014)091",
      eprint         = "1311.2830",
      archivePrefix  = "arXiv",
      primaryClass   = "hep-ph",
      reportNumber   = "LPT-ORSAY-13-54, PCCF-RI-13-05, IFT-UAM-CSIC-13-118,
                        FTUAM-13-31",
      SLACcitation   = "%%CITATION = ARXIV:1311.2830;%%"
}

@article{Abada:2014cca,
      author         = "Abada, A. and De Romeri, V. and Monteil, S. and Orloff,
                        J. and Teixeira, A. M.",
      title          = "{Indirect searches for sterile neutrinos at a
                        high-luminosity Z-factory}",
      journal        = "JHEP",
      volume         = "04",
      year           = "2015",
      pages          = "051",
      doi            = "10.1007/JHEP04(2015)051",
      eprint         = "1412.6322",
      archivePrefix  = "arXiv",
      primaryClass   = "hep-ph",
      reportNumber   = "LPT-Orsay-14-78, PCCF-RI-14-07",
      SLACcitation   = "%%CITATION = ARXIV:1412.6322;%%"
}

@article{Abada:2015zea,
      author         = "Abada, Asmaa and Bečirević, Damir and Lucente, Michele
                        and Sumensari, Olcyr",
      title          = "{Lepton flavor violating decays of vector quarkonia and
                        of the $Z$ boson}",
      journal        = "Phys. Rev.",
      volume         = "D91",
      year           = "2015",
      number         = "11",
      pages          = "113013",
      doi            = "10.1103/PhysRevD.91.113013",
      eprint         = "1503.04159",
      archivePrefix  = "arXiv",
      primaryClass   = "hep-ph",
      reportNumber   = "LPT-15-10, SISSA-09-2015-FISI",
      SLACcitation   = "%%CITATION = ARXIV:1503.04159;%%"
}

@article{Abada:2015oba,
      author         = "Abada, A. and De Romeri, V. and Teixeira, A. M.",
      title          = "{Impact of sterile neutrinos on nuclear-assisted cLFV
                        processes}",
      journal        = "JHEP",
      volume         = "02",
      year           = "2016",
      pages          = "083",
      doi            = "10.1007/JHEP02(2016)083",
      eprint         = "1510.06657",
      archivePrefix  = "arXiv",
      primaryClass   = "hep-ph",
      reportNumber   = "LPT-ORSAY-15-71, PCCF-RI-15-03",
      SLACcitation   = "%%CITATION = ARXIV:1510.06657;%%"
}


@article{Charles:2004jd,
      author         = "Charles, J. and Hocker, Andreas and Lacker, H. and
                        Laplace, S. and Le Diberder, F. R. and Malcles, J. and
                        Ocariz, J. and Pivk, M. and Roos, L.",
      title          = "{CP violation and the CKM matrix: Assessing the impact of
                        the asymmetric $B$ factories}",
      collaboration  = "CKMfitter Group",
      journal        = "Eur. Phys. J.",
      volume         = "C41",
      year           = "2005",
      pages          = "1-131",
      doi            = "10.1140/epjc/s2005-02169-1",
      eprint         = "hep-ph/0406184",
      archivePrefix  = "arXiv",
      primaryClass   = "hep-ph",
      reportNumber   = "CPT-2004-P-030, LAL-04-21, LAPP-EXP-2004-01,
                        LPNHE-2004-01",
      SLACcitation   = "%%CITATION = HEP-PH/0406184;%%"
}


@article{Krasznahorkay:2015iga,
      author         = "Krasznahorkay, A. J. and others",
      title          = "{Observation of Anomalous Internal Pair Creation in Be8 :
                        A Possible Indication of a Light, Neutral Boson}",
      journal        = "Phys. Rev. Lett.",
      volume         = "116",
      year           = "2016",
      number         = "4",
      pages          = "042501",
      doi            = "10.1103/PhysRevLett.116.042501",
      eprint         = "1504.01527",
      archivePrefix  = "arXiv",
      primaryClass   = "nucl-ex",
      SLACcitation   = "%%CITATION = ARXIV:1504.01527;%%"
}



@article{Aaij:2014zsa,
      author         = "Aaij, Roel and others",
      title          = "{Precision measurement of $CP$ violation in $B_s^0 \to
                        J/\psi K^+K^-$ decays}",
      collaboration  = "LHCb",
      journal        = "Phys. Rev. Lett.",
      volume         = "114",
      year           = "2015",
      number         = "4",
      pages          = "041801",
      doi            = "10.1103/PhysRevLett.114.041801",
      eprint         = "1411.3104",
      archivePrefix  = "arXiv",
      primaryClass   = "hep-ex",
      reportNumber   = "LHCB-PAPER-2014-059, CERN-PH-EP-2014-271,
                        LHCB-PAPER-2014-059-AND-CERN-PH-EP-2014-271",
      SLACcitation   = "%%CITATION = ARXIV:1411.3104;%%"
}


@article{CMS:2014xfa,
      author         = "Khachatryan, Vardan and others",
      title          = "{Observation of the rare $B^0_s\to\mu^+\mu^-$ decay from
                        the combined analysis of CMS and LHCb data}",
      collaboration  = "LHCb, CMS",
      journal        = "Nature",
      volume         = "522",
      year           = "2015",
      pages          = "68-72",
      doi            = "10.1038/nature14474",
      eprint         = "1411.4413",
      archivePrefix  = "arXiv",
      primaryClass   = "hep-ex",
      reportNumber   = "CERN-PH-EP-2014-220, CMS-BPH-13-007, LHCB-PAPER-2014-049",
      SLACcitation   = "%%CITATION = ARXIV:1411.4413;%%"
}

@article{Aaij:2015oid,
      author         = "Aaij, Roel and others",
      title          = "{Angular analysis of the $B^{0} \to K^{*0} \mu^{+}
                        \mu^{-}$ decay using 3 fb$^{-1}$ of integrated
                        luminosity}",
      collaboration  = "LHCb",
      journal        = "JHEP",
      volume         = "02",
      year           = "2016",
      pages          = "104",
      doi            = "10.1007/JHEP02(2016)104",
      eprint         = "1512.04442",
      archivePrefix  = "arXiv",
      primaryClass   = "hep-ex",
      reportNumber   = "CERN-PH-EP-2015-314, LHCB-PAPER-2015-051",
      SLACcitation   = "%%CITATION = ARXIV:1512.04442;%%"
}
@article{Aaij:2015esa,
      author         = "Aaij, Roel and others",
      title          = "{Angular analysis and differential branching fraction of
                        the decay $B^0_s\to\phi\mu^+\mu^-$}",
      collaboration  = "LHCb",
      journal        = "JHEP",
      volume         = "09",
      year           = "2015",
      pages          = "179",
      doi            = "10.1007/JHEP09(2015)179",
      eprint         = "1506.08777",
      archivePrefix  = "arXiv",
      primaryClass   = "hep-ex",
      reportNumber   = "CERN-PH-EP-2015-145, LHCB-PAPER-2015-023",
      SLACcitation   = "%%CITATION = ARXIV:1506.08777;%%"
}
@inproceedings{Abdesselam:2016llu,
      author         = "Abdesselam, A. and others",
      title          = "{Angular analysis of $B^0 \to K^\ast(892)^0 \ell^+
                        \ell^-$}",
      booktitle      = "{Proceedings, LHCSki 2016 - A First Discussion of 13 TeV
                        Results: Obergurgl, Austria, April 10-15, 2016}",
      collaboration  = "Belle",
      url            = "https://inspirehep.net/record/1446979/files/arXiv:1604.04042.pdf",
      year           = "2016",
      eprint         = "1604.04042",
      archivePrefix  = "arXiv",
      primaryClass   = "hep-ex",
      reportNumber   = "BELLE-CONF-1603",
      SLACcitation   = "%%CITATION = ARXIV:1604.04042;%%"
}
@inproceedings{Altmannshofer:2015sma,
      author         = "Altmannshofer, Wolfgang and Straub, David M.",
      title          = "{Implications of $b\to s$ measurements}",
      booktitle      = "{Proceedings, 50th Rencontres de Moriond Electroweak
                        Interactions and Unified Theories: La Thuile, Italy, March
                        14-21, 2015}",
      url            = "https://inspirehep.net/record/1353682/files/arXiv:1503.06199.pdf",
      year           = "2015",
      pages          = "333-338",
      eprint         = "1503.06199",
      archivePrefix  = "arXiv",
      primaryClass   = "hep-ph",
      SLACcitation   = "%%CITATION = ARXIV:1503.06199;%%"
}
@article{Descotes-Genon:2015uva,
      author         = "Descotes-Genon, Sébastien and Hofer, Lars and Matias,
                        Joaquim and Virto, Javier",
      title          = "{Global analysis of $b\to s\ell\ell$ anomalies}",
      journal        = "JHEP",
      volume         = "06",
      year           = "2016",
      pages          = "092",
      doi            = "10.1007/JHEP06(2016)092",
      eprint         = "1510.04239",
      archivePrefix  = "arXiv",
      primaryClass   = "hep-ph",
      reportNumber   = "LPT-ORSAY-15-68, QFET-2015-29, SI-HEP-2015-19",
      SLACcitation   = "%%CITATION = ARXIV:1510.04239;%%"
}
@article{Ciuchini:2015qxb,
      author         = "Ciuchini, Marco and Fedele, Marco and Franco, Enrico and
                        Mishima, Satoshi and Paul, Ayan and Silvestrini, Luca and
                        Valli, Mauro",
      title          = "{$B\to K^* \ell^+ \ell^-$ decays at large recoil in the
                        Standard Model: a theoretical reappraisal}",
      journal        = "JHEP",
      volume         = "06",
      year           = "2016",
      pages          = "116",
      doi            = "10.1007/JHEP06(2016)116",
      eprint         = "1512.07157",
      archivePrefix  = "arXiv",
      primaryClass   = "hep-ph",
      SLACcitation   = "%%CITATION = ARXIV:1512.07157;%%"
}

@article{Aaij:2015dea,
      author         = "Aaij, Roel and others",
      title          = "{Angular analysis of the $B^{0} \to K^{*0} e^{+} e^{-}$
                        decay in the low-q$^{2}$ region}",
      collaboration  = "LHCb",
      journal        = "JHEP",
      volume         = "04",
      year           = "2015",
      pages          = "064",
      doi            = "10.1007/JHEP04(2015)064",
      eprint         = "1501.03038",
      archivePrefix  = "arXiv",
      primaryClass   = "hep-ex",
      reportNumber   = "LHCB-PAPER-2014-066, CERN-PH-EP-2014-301",
      SLACcitation   = "%%CITATION = ARXIV:1501.03038;%%"
}


@inproceedings{Descotes-Genon:2016hem,
      author         = "Descotes-Genon, Sébastien and Hofer, Lars and Matias,
                        Joaquim and Virto, Javier",
      title          = "{The $b \to s l^+ l^-$ anomalies and their implications for
                        new physics}",
      booktitle      = "{51st Rencontres de Moriond on EW Interactions and
                        Unified Theories La Thuile, Italy, March 12-19, 2016}",
      url            = "https://inspirehep.net/record/1462274/files/arXiv:1605.06059.pdf",
      year           = "2016",
      eprint         = "1605.06059",
      archivePrefix  = "arXiv",
      primaryClass   = "hep-ph",
      reportNumber   = "ICCUB-16-022",
      SLACcitation   = "%%CITATION = ARXIV:1605.06059;%%"
}


@article{Aaij:2015hva,
      author         = "Aaij, Roel and others",
      title          = "{First observation of the decay $D^{0}\rightarrow
                        K^{-}\pi^{+}\mu^{+}\mu^{-}$ in the $\rho^{0}$-$\omega$
                        region of the dimuon mass spectrum}",
      collaboration  = "LHCb",
      journal        = "Phys. Lett.",
      volume         = "B757",
      year           = "2016",
      pages          = "558-567",
      doi            = "10.1016/j.physletb.2016.04.029",
      eprint         = "1510.08367",
      archivePrefix  = "arXiv",
      primaryClass   = "hep-ex",
      reportNumber   = "LHCB-PAPER-2015-043, CERN-PH-EP-2015-283",
      SLACcitation   = "%%CITATION = ARXIV:1510.08367;%%"
}

@article{Aaij:2013sua,
      author         = "Aaij, R and others",
      title          = "{Search for $D^+_{(s)} \to \pi^+ \mu^+ \mu^-$ and $D^+_{(s)} \to \pi^- \mu^+ \mu^+$ 
                        decays}",
      collaboration  = "LHCb",
      journal        = "Phys. Lett.",
      volume         = "B724",
      year           = "2013",
      pages          = "203-212",
      doi            = "10.1016/j.physletb.2013.06.010",
      eprint         = "1304.6365",
      archivePrefix  = "arXiv",
      primaryClass   = "hep-ex",
      reportNumber   = "LHCB-PAPER-2012-051, CERN-PH-EP-2013-061,
                        LHCB-PAPER-2012-051-AND-CERN-PH-EP-2013-061",
      SLACcitation   = "%%CITATION = ARXIV:1304.6365;%%"
}
